2864 3499
1268 106 1593 152 -ῃ-

233 245 280 282 Ρ.
308 243 364 282 IX
402 244 476 280 103
508 237 578 293 (ἒ).
607 263 660 269 -
687 239 775 280 Jam
805 238 997 288 quomodo
1024 248 1176 277 errores
1204 237 1280 276 orti
1308 237 1423 277 sunt?
1493 238 1664 276 Primum
1693 248 1810 286 quum
1838 247 1977 276 versus
2012 240 2073 275 10.
2103 248 2308 286 perperam
2337 237 2629 288 intelligeretur,

232 309 338 361 ὁμῶς
367 303 420 347 ὧν
449 306 548 347 falso
578 305 857 357 explicabatur,
888 304 1025 343 deinde
1054 303 1200 343 librarii
1228 305 1285 343 rei
1314 304 1430 354 periti
1459 304 1622 353 quidem,
1650 316 1698 343 ue
1724 304 1830 354 quod
1857 305 2027 353 ineptum
2056 307 2162 343 esset
2190 305 2412 352 scriberent,
2441 303 2547 355 ὁμῶς
2576 300 2628 344 ὧν

232 387 395 426 prorsus
423 375 654 420 omiserunt,
692 372 795 411 unde
821 372 861 410 in
889 371 999 411 libris
1026 371 1165 410 lacuna
1192 371 1370 411 habetur.
1443 371 1590 411 Contra
1617 372 1683 421 qui
1711 371 1880 411 codicem
1909 371 1999 412 Par.
2029 370 2063 410 G
2093 371 2269 422 scripsit,
2309 385 2559 425 quamquam,
2588 375 2628 415 id

231 442 337 491 quod
365 453 414 480 ex
441 441 540 481 falso
567 441 730 478 accentu
758 438 895 486 elucet,
925 450 1082 478 sensum
1109 450 1159 477 ne
1189 438 1275 488 ipse
1304 437 1459 488 quidem
1487 438 1761 489 perspiciebat,
1790 438 1925 478 literas
1953 441 2092 486 tamen,
2122 449 2218 487 quas
2245 440 2285 480 iu
2314 453 2384 481 suo
2413 442 2628 493 archetypo

231 509 452 556 invenerat,
490 517 623 546 omnes
650 505 828 545 exaravit
836 504 883 555 ¹).
954 505 1028 545 Est
1057 504 1176 555 igitur
1205 516 1253 544 ex
1281 505 1380 544 libro
1416 505 1680 544 vetustissimo
1710 516 1757 544 ea
1786 505 1921 553 lectio,
1963 516 2060 554 quae
2090 517 2247 546 sensum
2274 509 2459 558 optimum
2488 510 2627 557 reddit,

233 588 349 626 quam
379 579 418 614 et
445 574 534 625 ipsa
561 572 792 612 scholiorum
821 571 990 622 vestigia
1017 572 1185 621 probant
1211 584 1311 611 nunc
1338 573 1508 611 Momm
1522 585 1572 611 se
1587 573 1634 610 ni
1646 585 1669 611 0
1697 576 1876 612 monente
1904 573 1943 611 in
1974 574 2096 613 locum
2124 576 2385 615 restituenda:

864 637 913 678 τὰ
939 636 1006 689 μὲν
1035 637 1200 691 ἁμετέρα

495 707 649 759 γλῶσσα
677 704 888 756 ποιμαίνειν
916 704 1053 745 ἐθέλει·

496 773 536 813 ἐκ
563 776 663 813 θεοῦ
693 771 727 812 δ’
761 771 857 825 ἀνὴρ
886 776 1028 824 σοφαῖς
1056 770 1177 811 ἀνθεῖ
1199 769 1462 824 πραπίδεσσιν.
1493 770 1599 823 ὁμῶς
1626 767 1678 812 ὧν

499 838 583 880 ἴσθι
612 842 678 878 νῦν
707 838 985 892 Λρχεστράτου

498 911 575 947 παῖ
597 937 605 946 .
623 937 631 946 .
649 937 658 945 .

233 977 388 1015 Utinam
413 976 521 1026 juste
551 975 647 1014 haec
677 973 952 1013 defendissem!
1011 972 1126 1012 Certe
1154 971 1378 1012 defensione
1406 972 1514 1012 locus
1543 972 1684 1023 dignus
1713 972 1798 1012 fuit.

365 1043 413 1082 Ο.
442 1044 518 1081 V11
550 1045 595 1082 71
623 1044 704 1088 (68)
731 1041 827 1080 haec
855 1040 932 1080 duo
958 1041 1012 1080 M.
1037 1040 1219 1080 novavit:
1246 1039 1364 1092 μέρος
1392 1040 1481 1092 (pro
1508 1037 1639 1092 γε’ρας)
1669 1043 1708 1079 01
1736 1039 1961 1080 τελεύταθεν
1991 1043 2083 1091 (pro
2110 1041 2369 1093 τελεύτασαν).
2426 1047 2483 1087 Ac
2510 1049 2628 1102 μέρος

231 1110 371 1161 legitur
403 1110 442 1148 in
469 1108 646 1148 Ambros.
691 1106 739 1146 A.
768 1111 807 1147 et
835 1107 926 1146 Par.
958 1106 1002 1155 G,
1032 1111 1212 1157 praetera
1239 1108 1278 1146 in
1307 1107 1396 1146 Vat.
1425 1107 1457 1145 B
1487 1118 1606 1156 supra
1641 1107 1828 1157 scriptum
1862 1111 1991 1147 exstat
2030 1114 2108 1160 (γρ.
2136 1107 2299 1160 με’ρος)ε
2342 1113 2477 1152 nititur
2505 1117 2627 1167 igitur

231 1178 346 1215 trium
376 1175 795 1226 praestantissimorum
824 1174 994 1213 codicum
1023 1175 1265 1213 auctoritate.
1337 1174 1423 1213 Jam
1454 1173 1563 1213 favet
1590 1175 1743 1214 lectioni
1771 1175 1875 1223 quod
1912 1176 2065 1214 omniuo
2094 1175 2156 1215 hic
2186 1176 2234 1215 de
2260 1179 2468 1228 partitione
2499 1186 2626 1224 terrae

231 1244 377 1294 agitur:
419 1242 468 1282 cf.
500 1255 558 1282 vs.
586 1244 636 1280 58
668 1245 749 1288 (55)
776 1239 903 1292 χθόνα
932 1239 1121 1280 δατέοντο.
1166 1244 1213 1280 61
1248 1238 1340 1292 (58)
1370 1239 1487 1292 λάχος
1515 1239 1673 1280 Ἀελίου.
1712 1244 1762 1281 62
1796 1245 1892 1291 (59)
1921 1241 2145 1294 ἀκλάρωτον
2174 1242 2311 1296 χώρας.
2387 1246 2624 1300 Quamquam

230 1309 442 1349 necessitas
472 1308 625 1357 quidem
655 1307 743 1345 inde
770 1319 847 1345 non
877 1307 1028 1353 existit,
1068 1319 1165 1355 quae
1194 1305 1306 1358 γέρας
1332 1307 1441 1356 rejici
1469 1311 1597 1356 cogat.
1670 1309 1722 1346 Ut
1751 1309 1850 1346 enim
1877 1309 1917 1347 in
1945 1309 2154 1358 partitione
2181 1309 2534 1356 Schilleriana
2560 1319 2626 1358 illa

229 1379 357 1426 poeta,
397 1375 458 1415 cui
488 1387 572 1414 sors
600 1386 676 1413 nou
706 1374 856 1424 obtigit,
887 1374 1091 1413 coelestem
1119 1373 1261 1423 accipit
1289 1373 1482 1421 honorem,
1509 1374 1565 1412 ita
1592 1374 1654 1413 hic
1682 1374 1884 1424 praeclara
1911 1374 2038 1414 insula
2066 1373 2161 1427 (vid.
2190 1389 2248 1417 vs.
2281 1380 2330 1417 66
2344 1383 2494 1430 =63),
2525 1395 2625 1433 quae

230 1443 333 1482 Solis
361 1442 495 1481 futura
523 1445 601 1489 est,
641 1440 892 1490 praecipuum
922 1440 1127 1490 designare
1155 1443 1286 1490 potest
1320 1440 1383 1479 dei
1420 1440 1663 1480 honorem:
1709 1445 1828 1491 atque
1856 1442 1933 1481 tale
1962 1441 2080 1494 λάχος
2109 1447 2214 1483 recte
2243 1444 2346 1484 haud
2375 1447 2489 1487 dubie
2516 1449 2627 1502 γέρας

231 1513 402 1549 vocatur.
461 1508 731 1547 Verumtamen
754 1505 871 1557 μέρος
894 1519 1024 1547 veram
1048 1519 1133 1547 esse
1160 1508 1362 1547 lectionem
1391 1519 1439 1546 ex
1467 1507 1541 1548 hoc
1569 1507 1687 1548 schol.
1717 1512 1796 1548 vet.
1826 1509 2097 1560 intelligimus:
2127 1513 2172 1562 τῇ
2197 1510 2346 1560 ἑαυτοῦ,
2376 1517 2444 1552 τοῦ
2469 1514 2625 1567 Ἠλίου,

201 1582 203 1584 ’
231 1577 375 1629 κεφαλῇ
405 1574 458 1621 εἰς
486 1573 530 1615 τὸ
553 1572 649 1627 μετὰ
675 1576 797 1614 ταῦτα
824 1572 960 1626 μερίδα
988 1572 1177 1627 γενέσθαι.
1236 1574 1347 1623 Quae
1375 1575 1496 1614 verba
1524 1575 1579 1614 ita
1606 1579 1831 1626 comparata
1858 1580 1957 1623 sunt,
1987 1580 2032 1616 ut
2060 1579 2182 1617 omnis
2211 1579 2398 1619 dubitatio
2426 1585 2626 1632 praecida-

230 1649 308 1684 tur.
338 1665 395 1673 —
423 1645 468 1683 In
496 1644 628 1684 eodem
667 1655 785 1683 versu
822 1642 960 1681 lemma
988 1644 1078 1681 Par.
1109 1642 1155 1684 G.
1184 1646 1224 1681 et
1261 1643 1398 1682 lemma
1426 1643 1515 1682 Vat.
1543 1643 1575 1682 B
1606 1646 1645 1682 et
1672 1644 1809 1683 lemma
1834 1645 1973 1683 Medic.
2003 1645 2036 1683 E
2066 1643 2292 1685 τελεύταθεν
2319 1647 2483 1696 habent3
2526 1652 2627 1692 idem

230 1714 388 1752 vetusta
412 1722 547 1751 manus
577 1721 697 1761 supra
726 1709 882 1760 scripsit
910 1709 949 1749 in
977 1710 1065 1749 Vat.
1093 1710 1140 1749 B.
1212 1710 1295 1750 Hoc
1324 1710 1376 1749 M.
1405 1722 1506 1750 nunc
1534 1711 1573 1749 in
1611 1711 1699 1761 ipsa
1737 1714 1877 1762 poetae
1906 1712 2028 1751 verba
2056 1713 2225 1762 recepit,
2268 1726 2394 1764 neque
2421 1717 2625 1758 immerito.

228 1780 329 1819 Nam
358 1780 391 1818 si
418 1778 459 1817 id
486 1778 591 1828 quod
619 1777 743 1817 adhue
771 1777 971 1828 legebatur
996 1776 1228 1816 τελεύτασαν
1259 1807 1268 1816 .
1284 1807 1293 1816 .
1310 1808 1319 1816 ,
1348 1781 1521 1816 πετοῖσαι
1551 1790 1599 1816 ex
1635 1779 1815 1830 analogia
1842 1779 1961 1829 hujus
1990 1780 2210 1820 locutionis:
2241 1781 2409 1834 τυγχάνώ
2438 1789 2561 1825 ποιῶν
2590 1803 2624 1827 τι

229 1847 424 1896 explicare
452 1846 584 1892 velles,
625 1846 799 1884 obstaret
823 1845 906 1892 tibi,
945 1845 1049 1893 quod
1077 1846 1176 1884 tales
1206 1848 1426 1885 structurae
1455 1845 1504 1884 ab
1533 1857 1607 1885 usu
1635 1846 1795 1885 Pindari
1822 1847 1971 1886 alienae
2000 1849 2101 1886 sunt.
2177 1846 2237 1887 Ob
2266 1861 2351 1888 eam
2381 1850 2507 1901 ipsam
2537 1867 2627 1894 cau-

231 1925 324 1960 sam,
367 1913 516 1962 opinor,
559 1911 819 1950 Dissenius
847 1922 931 1950 cum
960 1911 1145 1960 Heynio
1174 1922 1251 1949 11011
1280 1911 1384 1959 facit,
1428 1912 1495 1961 qui
1524 1910 1752 1951 τελεύτασαν
1782 1916 1955 1952 πετοῖσαι
1984 1916 2069 1951 arte
2093 1913 2257 1963 jungat,
2301 1917 2369 1955 sed
2397 1917 2627 1959 τελεύτασαν

229 1993 300 2030 per
330 1992 372 2019 se
401 1980 622 2028 intelligens
659 1978 715 2017 sic
752 1977 816 2017 ille
845 1978 1035 2027 explicat:
1078 1978 1247 2025 „exitum
1284 1977 1420 2017 habuit
1455 1978 1661 2017 verborum
1691 1991 1750 2018 sv.
1786 1979 2042 2030 jurisjurandi
2078 1991 2243 2029 summa,
2286 1994 2378 2021 vere
2407 1986 2629 2025 eveniens.“

229 2048 283 2087 At
318 2059 368 2086 ne
395 2046 468 2085 hoc
495 2044 647 2095 quidem
677 2044 815 2095 placet,
855 2045 949 2094 quia
977 2045 1154 2084 τελευτᾶν
1183 2045 1427 2084 intransitive
1456 2049 1687 2095 usurpatum
1725 2058 1851 2096 neque
1879 2047 1983 2096 apud
2011 2047 2221 2085 Homerum
2250 2060 2373 2097 neque
2403 2052 2508 2100 apud
2537 2053 2628 2090 Pin-

228 2115 364 2153 darum
392 2112 606 2162 reperitur:
653 2111 871 2161 Aeschylus
901 2112 1001 2150 enim
1039 2112 1195 2162 primus,
1235 2112 1339 2161 quod
1370 2112 1536 2152 sciamus
1549 2140 1559 2160 ,
1598 2115 1637 2151 et
1670 2113 1790 2151 verbo
1825 2113 1988 2162 simplici
2017 2115 2194 2152 τελευτᾶν
2224 2120 2264 2153 01
2292 2118 2505 2166 composito
2534 2116 2627 2157 ἐκτε·

229 2183 364 2220 λευτᾶν
397 2180 471 2219 vim
500 2179 788 2218 intransitivam
817 2179 1004 2219 attribuit.
1064 2178 1141 2218 Sed
1169 2179 1256 2218 inde
1285 2179 1376 2218 huic
1404 2179 1563 2218 Pindari
1591 2179 1675 2219 loco
1703 2179 1972 2219 adminiculum
2000 2192 2077 2219 non
2107 2185 2166 2220 est
2194 2182 2459 2232 repetendum.
2517 2184 2628 2232 Quae

229 2260 347 2299 quum
374 2247 430 2286 ita
466 2247 561 2295 sint,
604 2249 759 2285 vetusta
795 2246 909 2285 lectio
952 2244 1180 2285 τελεύταθεν
1208 2259 1233 2286 a
1260 2246 1510 2286 Mommsenio
1552 2246 1665 2286 nobis
1706 2247 1838 2286 oblata
1878 2259 1954 2286 11011
1997 2250 2141 2286 temere
2183 2251 2431 2299 aspernanda
2460 2252 2625 2292 videtur.

228 2317 348 2355 Immo
371 2315 520 2355 accedit
540 2313 659 2353 aliud.
716 2314 858 2353 Exstat
880 2313 980 2352 enim
1009 2312 1081 2352 hoc
1110 2313 1281 2353 scholion
1308 2317 1443 2354 vetus:
1472 2311 1762 2365 ἐτελειώθησαν,
1791 2310 1875 2354 ἀντὶ
1903 2316 1972 2354 τοῦ
2001 2312 2132 2366 ἀληθῆ
2161 2313 2344 2367 ἐποίησαν
2372 2315 2421 2357 τὰ
2449 2316 2625 2366 δόξαντα.

229 2384 341 2432 Quae
364 2384 486 2423 verba
507 2384 562 2422 ita
588 2381 693 2421 haud
720 2381 832 2421 dubie
860 2381 1053 2431 interpres
1082 2380 1250 2431 scripsit,
1279 2383 1323 2421 ut
1350 2380 1515 2431 primum
1544 2380 1707 2421 formam
1737 2381 1993 2433 vulgatiorem
2022 2380 2298 2434 ἐτελειώθησαν
2324 2395 2397 2434 pro
2422 2397 2479 2434 ea,
2510 2398 2623 2437 quam

228 2453 268 2491 in
287 2452 385 2490 libro
409 2462 480 2491 suo
500 2451 711 2497 invenerat,
740 2448 876 2488 deinde
897 2448 1175 2488 accuratiorem
1195 2448 1355 2487 adderet
1382 2449 1492 2487 verbi
1521 2449 1830 2499 explicationem.
1887 2450 1973 2489 Jam
1997 2462 2091 2490 vero
2115 2463 2234 2500 quum
2256 2452 2353 2491 haec
2375 2453 2624 2503 adjiciantur:

228 2517 250 2557 ὁ
280 2514 319 2557 δὲ
348 2519 450 2563 νοῦς·
478 2513 687 2568 ἐτηλειῶθη
716 2511 756 2555 δὲ
783 2513 928 2555 τούτων
955 2516 1030 2555 τῶν
1057 2513 1177 2568 λόγων
1216 2512 1265 2553 τὰ
1302 2512 1491 2566 κεφάλαια
1528 2513 1567 2553 ἐν
1603 2517 1648 2565 τῇ
1687 2513 1855 2568 ἀληθεία
1882 2514 2069 2563 πεσόντα,
2114 2518 2256 2566 quibus
2285 2519 2439 2569 singula
2464 2521 2623 2559 Pindari

229 2585 350 2623 verba
372 2586 550 2623 accurate
577 2583 798 2630 reddantur,
827 2582 928 2621 omni
956 2582 1069 2621 modo
1098 2582 1215 2620 eredo
1241 2582 1403 2621 formam
1428 2582 1627 2631 passivam
1655 2581 1884 2622 τελεύταθεν
1914 2584 2175 2633 recipiendam
2205 2596 2304 2623 esse.
2364 2584 2440 2633 Qui
2464 2587 2623 2626 verbum

229 2650 403 2698 mutavit,
433 2650 468 2690 is
495 2649 721 2690 recentioris
749 2649 812 2688 vel
841 2649 1016 2699 vulgaris
1044 2648 1231 2688 sermonis
1258 2660 1402 2687 memor
1431 2647 1560 2696 fuitss).

361 2718 408 2756 In
436 2716 571 2757 eodem
599 2728 718 2757 carm.
748 2728 808 2756 vs.
839 2719 886 2755 21
921 2719 1008 2765 (20)
1039 2716 1131 2755 Par.
1161 2714 1208 2754 G.
1243 2718 1283 2754 et
1306 2714 1444 2754 Medic.
1472 2715 1506 2753 B
1534 2712 1660 2753 τοίνυν
1698 2718 1902 2764 praestant
1915 2716 1949 2764 ⁸)
1988 2728 2060 2765 pro
2097 2719 2206 2754 τοῖσι.
2279 2715 2498 2766 Utrumque
2526 2717 2624 2756 bene

227 2785 365 2826 habet:
396 2784 581 2825 articulus
605 2784 646 2824 vi
666 2784 970 2824 demonstrativa
997 2783 1208 2824 instructus
1237 2784 1297 2822 est
1325 2781 1555 2822 Pindaricus
1584 2784 1623 2821 et
1650 2781 1843 2832 particula
1870 2779 2007 2829 τοίνυν,
2038 2793 2268 2832 quamquam
2290 2794 2379 2822 raro
2398 2783 2503 2833 apud
2521 2783 2626 2823 hunc

228 2857 384 2902 poetam
409 2852 613 2902 reperitur,
643 2852 794 2891 duobus
822 2855 950 2891 tamen
979 2850 1027 2891 iis
1056 2850 1160 2898 locis,
1189 2849 1256 2889 ubi
1285 2852 1392 2889 certa
1420 2853 1491 2897 est,
1522 2849 1711 2888 simillima
1741 2849 1889 2888 ratione
1919 2851 2050 2899 posita
2079 2853 2139 2890 est
2166 2853 2281 2899 atque
2309 2850 2371 2889 hic
2398 2851 2440 2888 in
2467 2851 2559 2891 Par.
2591 2851 2625 2890 G

367 3050 392 3094 ¹)
414 3048 533 3084 Aliam
559 3047 735 3082 rationem
760 3047 808 3081 M.
834 3048 911 3092 ipse
937 3045 1058 3081 docuit
1082 3047 1119 3081 in
1147 3048 1268 3081 annot.
1293 3045 1372 3080 crit.
1398 3044 1442 3079 ad
1465 3045 1500 3079 h.
1526 3045 1550 3078 l.
1575 3065 1617 3070 —
1642 3046 1696 3080 cf.
1722 3046 1827 3090 epist.
1851 3044 1897 3080 ad
1920 3045 2152 3080 Friederichs.
2180 3057 2214 3089 p.
2240 3048 2282 3080 23
2307 3057 2359 3090 sq.
2377 3067 2420 3072 —
2438 3046 2515 3091 Ego
2538 3058 2628 3092 quae

228 3106 313 3138 ante
327 3104 393 3139 hos
415 3107 491 3139 tres
513 3103 586 3138 fere
607 3113 729 3144 annos,
756 3114 863 3147 quum
886 3102 1042 3147 primum
1066 3113 1192 3137 novam
1215 3102 1400 3137 lectionem
1424 3110 1443 3135 0
1459 3099 1539 3135 Sch.
1558 3099 1676 3137 Germ.
1703 3112 1736 3145 p.
1759 3099 1818 3135 111
1841 3111 1893 3146 sq.
1919 3101 2078 3147 cognovi,
2103 3100 2291 3152 veramffi
2307 3111 2385 3137 esse
2400 3100 2626 3144 videbantur,

228 3161 287 3196 hic
310 3171 403 3195 nunc
427 3160 561 3206 scripta
583 3158 675 3194 dedi.

366 3217 394 3262 ²)
420 3216 474 3252 Cf.
499 3215 579 3253 Sch.
607 3214 724 3253 Germ.
750 3225 784 3260 p.
812 3217 871 3251 35:
902 3214 1166 3261 ἐτελέσθησαν,
1196 3212 1468 3261 ἐπληρώθησαν
1495 3217 1555 3248 καὶ
1577 3212 1619 3249 οὐ
1643 3213 1922 3260 παρεβάθησαν.
1946 3211 2028 3247 τόδε
2058 3216 2136 3248 ἐστὶ
2163 3213 2302 3249 ταύτὸν
2329 3218 2384 3259 τῷ
2408 3218 2450 3250 ἐν
2472 3214 2627 3260 ἀληθείᾳ

230 3276 405 3309 πετοῖσαι.
429 3273 465 3307 οἱ
484 3273 553 3319 γὰρ
576 3271 816 3320 πληρούμενοι
837 3271 938 3319 λόγοι
962 3270 1216 3316 ἀληθεύουσιν.

366 3329 393 3373 ³)
417 3327 461 3363 In
483 3328 565 3364 Par.
592 3328 623 3365 G
647 3328 776 3363 vitiose
800 3328 867 3362 sic:
893 3332 954 3363 τοί
974 3332 1054 3363 νῦν.

2331 3387 2356 3426 2
