2864 3499
359 670 452 737 De
496 670 851 738 lectionibus
896 669 1226 738 Pindaricis
1271 690 1461 761 nuper
1505 691 1542 737 a
1585 668 1790 760 Tycho
1834 668 2226 735 Mommsenio
2271 667 2533 759 prolatis.

255 926 382 1014 Post
407 971 615 1024 insignem
637 982 819 1023 operam,
849 983 974 1024 quam
1003 971 1320 1024 Boeckhius,
1347 971 1658 1024 philologorum
1686 971 1896 1023 princeps,
1925 969 2110 1012 Pindaro
2130 968 2261 1020 dedit,
2290 981 2398 1022 quae
2418 982 2496 1022 per
2516 971 2636 1023 quin-

257 1043 460 1098 quaginta
495 1041 584 1084 fere
623 1042 824 1094 deinceps
859 1054 993 1085 annos
1028 1043 1221 1086 homines
1258 1043 1374 1087 docti
1410 1044 1452 1085 111
1489 1043 1678 1095 ejusdem
1712 1045 1866 1104 poetae
1906 1041 2162 1084 carminibus
2199 1045 2244 1083 et
2280 1041 2553 1084 emendandis
2591 1047 2637 1084 et

256 1114 515 1168 explicandis
554 1112 804 1166 effecerunt,
844 1115 925 1157 nisi
962 1114 1073 1158 forte
1110 1127 1219 1158 unus
1254 1114 1531 1158 Dissenius
1570 1114 1840 1168 excipiendus
1879 1116 1966 1161 est,
2002 1113 2087 1156 alia
2119 1112 2256 1167 magis
2301 1112 2395 1155 aliis
2432 1125 2485 1156 ex
2523 1114 2635 1157 illius

255 1187 417 1238 studiis,
446 1190 494 1228 ut
522 1198 601 1239 par
630 1190 734 1239 erat,
762 1187 1026 1239 pendebant:
1057 1199 1166 1241 quae
1196 1187 1267 1230 ille
1296 1187 1418 1231 bonis
1447 1187 1646 1241 auspiciis
1673 1187 1912 1240 inceperat,
1940 1187 2048 1229 haec
2077 1186 2150 1228 alii
2179 1186 2419 1229 accuratius
2448 1188 2635 1231 exsecuti

253 1262 363 1311 sunt,
391 1271 566 1312 prorsus
587 1271 739 1301 novam
762 1260 971 1302 rationem
990 1272 1076 1302 11011
1096 1260 1344 1303 (100110111111.
1389 1260 1511 1311 Quod
1531 1272 1660 1314 quum
1679 1260 1734 1301 ad
1754 1271 1921 1301 omnem
1940 1259 2240 1301 tractationem
2261 1262 2350 1300 tum
2369 1259 2424 1301 ad
2445 1259 2634 1302 criticam

252 1332 459 1384 pertinet:
488 1331 681 1383 singulae
709 1331 979 1384 conjecturae
1000 1333 1104 1374 satis
1127 1332 1286 1374 multae
1315 1332 1455 1375 factae
1479 1337 1524 1374 et
1552 1332 1595 1374 in
1623 1332 1761 1375 lucem
1781 1332 1960 1374 emissae
1991 1336 2101 1383 sunt,
2129 1332 2263 1373 omnis
2283 1332 2431 1374 critica
2456 1333 2635 1375 materia

250 1405 340 1447 fere
370 1404 519 1446 eadem
547 1404 713 1445 mansit.
771 1403 867 1445 Jam
894 1417 996 1446 vero
1026 1408 1126 1446 ante
1156 1405 1234 1446 hos
1269 1417 1427 1457 paucos
1456 1416 1591 1446 annos
1620 1416 1797 1457 magnas
1834 1405 2175 1456 exspectationes
2204 1404 2434 1446 concitavit
2468 1404 2632 1457 Tycho

251 1476 554 1526 Mommsen,
583 1475 655 1527 qui
684 1478 730 1516 et
758 1475 852 1517 aliis
880 1475 923 1516 in
953 1475 1081 1517 rebus
1109 1488 1194 1517 non
1221 1476 1361 1517 minus
1388 1476 1639 1517 industriam
1667 1488 1786 1517 suam
1815 1487 1941 1529 quam
1961 1476 2095 1518 aciem
2123 1475 2282 1528 ingenii
2308 1475 2562 1527 approbavit
2590 1479 2635 1517 01

250 1548 294 1590 111
330 1547 396 1590 his
432 1547 535 1599 ipsis
574 1547 724 1590 studiis
753 1546 989 1590 Pindaricis
1027 1548 1099 1590 diu
1127 1551 1217 1601 jam
1252 1552 1446 1590 versatus
1484 1552 1561 1590 est.
1619 1548 1661 1590 Is
1698 1548 1809 1589 enim
1847 1559 1899 1590 ex
1936 1548 2055 1590 libris
2094 1553 2223 1590 antea
2259 1548 2397 1590 minus
2433 1552 2634 1591 accurate

251 1619 431 1673 cognitis
448 1619 555 1669 ‚aliis
583 1619 719 1673 iisque
748 1619 917 1672 optimis
938 1632 964 1662 a
984 1633 1030 1662 se
1059 1620 1239 1671 primum
1259 1620 1423 1662 collatis
1445 1632 1555 1662 nova
1582 1620 1769 1661 subsidia
1799 1619 1946 1662 critica
1975 1620 2096 1661 nobis
2117 1632 2163 1661 se
2192 1620 2485 1671 praebiturum
2504 1624 2635 1672 atque

252 1691 480 1732 editionem
508 1697 755 1743 paraturum
786 1704 879 1732 esse
913 1691 1123 1743 promisit,
1159 1704 1242 1744 qua
1271 1695 1315 1732 et
1351 1691 1488 1743 ipsum
1523 1691 1713 1733 criticum
1742 1695 1994 1743 apparatum
2022 1695 2066 1733 et
2095 1692 2287 1734 codicum
2322 1703 2483 1744 genera
2512 1704 2636 1736 accu-

250 1763 384 1805 ratius
404 1763 620 1816 descripta
639 1768 910 1816 proponeret.
950 1764 1006 1804 Et
1028 1776 1136 1817 quae
1158 1768 1360 1815 excerpta
1379 1764 1422 1804 in
1443 1764 1634 1816 epistolis
1656 1765 1813 1806 criticis
1834 1765 1888 1806 ad
1914 1765 2027 1806 viros
2049 1765 2306 1806 clarissimos
2336 1766 2386 1805 Α.
2407 1765 2636 1820 Boeckh‚

250 1836 335 1877 Τ11.
364 1835 564 1888 Bergk,
595 1836 648 1876 H.
679 1836 920 1886 Sauppe,
958 1836 1002 1877 C.
1031 1836 1360 1877 Friedrichs
1390 1836 1581 1886 scriptis,
1609 1840 1658 1876 111
1686 1836 1832 1877 amicis
1862 1836 2041 1887 aliisque
2072 1840 2241 1888 gratum
2269 1835 2443 1887 faceret,
2472 1838 2637 1879 interea

249 1908 291 1950 111
321 1907 505 1950 medium
533 1907 732 1960 protulit,
769 1907 876 1951 haec
905 1907 966 1950 ita
994 1909 1242 1960 comparata
1269 1909 1411 1958 erant,
1440 1910 1488 1950 ut
1516 1906 1680 1957 sperari
1703 1906 1792 1959 jam
1821 1910 1969 1960 posset
1996 1906 2087 1950 fore
2119 1909 2167 1949 ut
2195 1907 2383 1950 carmina
2411 1906 2637 1951 Pindarica

249 1992 275 2021 a
300 1979 633 2023 Mommsenio
665 1992 688 2022 e
718 1980 912 2034 diligenti
940 1979 1143 2023 librorum
1164 1979 1391 2023 collatione
1412 1979 1543 2022 multo
1566 1978 1796 2022 ederentur
1816 1979 2107 2023 emendatiora
2127 1993 2177 2024 ac
2202 1980 2472 2024 correctiora.
2515 1980 2635 2024 Nunc

251 2053 380 2094 editio
410 2054 505 2105 ipsa
534 2054 792 2106 comparuit,
821 2065 900 2096 nec
927 2065 1024 2105 spes
1053 2051 1217 2094 fefellit.

379 2249 436 2290 Ac
463 2250 628 2300 primum
656 2263 678 2290 0
707 2251 980 2291 vetustissimis
1009 2251 1117 2291 libris
1145 2251 1263 2290 multa
1289 2263 1392 2290 nunc
1426 2250 1691 2299 innotuerunt,
1719 2251 1857 2302 quibus
1886 2251 2029 2291 certius
2058 2256 2098 2290 et
2126 2251 2340 2291 accuratius
2368 2255 2633 2302 cognoscatur,

251 2316 375 2365 qualis
402 2316 561 2355 Pindari
590 2317 641 2356 sit
668 2330 761 2357 usus
796 2318 1086 2367 grammaticus,
1121 2317 1391 2367 prosodiam,
1427 2318 1628 2365 metricus,
1665 2319 1908 2357 dialecticus:
1949 2322 1987 2355 01
2022 2319 2105 2367 ipse
2134 2318 2270 2356 Editor
2303 2319 2342 2355 in
2379 2318 2634 2356 annotationis

251 2382 405 2421 criticae
434 2382 536 2431 quod
563 2384 720 2433 scripsit
748 2384 1016 2434 supplemento
1045 2384 1200 2435 saepius
1228 2382 1413 2435 ejusmodi
1442 2395 1506 2423 res
1534 2388 1821 2433 commemorat,
1857 2385 1953 2423 alias
1979 2384 2136 2424 uberius
2165 2384 2280 2423 etiam
2320 2386 2472 2423 tractat.
2530 2384 2634 2423 Non-

250 2450 353 2486 nulla
380 2450 534 2497 quidem
562 2462 660 2499 quae
689 2451 764 2489 huc
792 2451 985 2500 pertinent
1013 2451 1183 2490 homines
1211 2451 1330 2498 docti,
1362 2450 1536 2499 inprimis
1571 2450 1863 2491 Boeckhius.
1903 2452 2216 2498 Hermannus,
2252 2450 2519 2489 Ahrensius
2550 2450 2631 2500 jam

249 2514 397 2564 pridem
425 2521 719 2565 perspexerunt,
748 2517 851 2566 quod
878 2520 1027 2556 1311111111
1047 2518 1167 2565 abest,
1196 2520 1239 2556 ut
1267 2517 1436 2556 codicum
1464 2517 1645 2566 dignitati
1665 2516 1820 2564 officiat,
1849 2520 1892 2555 ut
1921 2530 2005 2555 eam
2033 2507 2200 2555 illustret
2224 2521 2340 2565 atque
2368 2521 2531 2566 augeat3
2557 2518 2633 2555 alia

250 2592 342 2619 vero
370 2580 409 2627 ii,
438 2591 558 2628 penes
586 2594 686 2631 quos
710 2583 892 2630 judicium
921 2587 1017 2631 erat,
1046 2587 1112 2622 3111
1139 2596 1214 2622 11011
1239 2583 1334 2622 satis
1362 2586 1466 2622 recte
1493 2586 1710 2632 posuerunt
1737 2586 1804 2621 aut
1832 2584 1984 2622 omnino
2011 2595 2087 2621 non
2116 2586 2390 2632 cognoverunt.
2448 2583 2583 2622 Liceat
2611 2595 2634 2621 e

249 2646 378 2686 multis
405 2658 529 2695 pauca
566 2648 701 2687 saltem
730 2652 903 2699 tangere.
961 2651 1022 2688 Ita
1060 2662 1177 2699 quum
1207 2649 1253 2688 0.
1282 2650 1338 2687 XI
1366 2647 1429 2699 (x)
1459 2654 1481 2687 5
1513 2649 1793 2688 Ambrosianus
1830 2651 1996 2687 omnium
2032 2650 2199 2698 optimus
2233 2649 2353 2687 codex
2388 2660 2459 2697 pro
2495 2649 2634 2698 plurali

248 2710 371 2765 ἀρχαί,
400 2712 467 2762 qui
495 2712 621 2755 adhuc
648 2715 858 2766 legebatur,
889 2716 1120 2767 singularem
1150 2714 1248 2768 ἀρχά
1276 2716 1460 2765 praebeat
1487 2715 1605 2765 idque
1634 2728 1823 2755 consensu
1843 2716 1969 2755 Schol.
2000 2719 2076 2754 vet.
2098 2716 2273 2753 Ambros.
2303 2719 2342 2753 et
2370 2715 2507 2762 Vatic.,
2536 2716 2636 2754 mira

247 2780 313 2819 1113
341 2779 388 2818 (10
420 2778 614 2820 schemate
643 2781 847 2824 Pindarico
875 2795 907 2823 s.
936 2782 1095 2823 Boeotio
1124 2781 1314 2828 doctrina,
1350 2780 1453 2831 quod
1486 2781 1536 2820 ad
1568 2780 1776 2821 Pindarum
1815 2794 1901 2821 eum
1936 2782 2090 2831 quidem
2125 2793 2238 2830 quem
2273 2781 2451 2820 novimus
2485 2782 2635 2833 attinet,

246 2857 346 2885 nunc
374 2844 550 2885 concidit.
596 2847 695 2886 Nam
724 2849 807 2888 sive
834 2847 934 2902 ἀρχά
964 2848 1218 2900 appositionis
1247 2860 1360 2899 quam
1389 2848 1523 2888 dicunt
1551 2848 1675 2889 locum
1696 2848 1843 2889 obtinet
1871 2849 2034 2901 ideoque
2063 2849 2225 2888 alterum
2254 2851 2315 2888 est
2341 2848 2557 2900 subjectum
2586 2850 2636 2889 ad

245 2914 353 2961 prius
381 2913 597 2963 explicandi
626 2927 744 2954 causa
764 2917 948 2965 additum,
978 2918 1060 2956 sive
1085 2928 1217 2955 verum
1237 2916 1452 2966 subjectum
1479 2927 1567 2955 esse
1592 2917 1730 2964 mavis,
1758 2915 1926 2956 τέλλεται
1954 2928 2038 2957 011111
2066 2914 2165 2968 ἀρχά
2194 2917 2253 2963 (01
2272 2913 2421 2967 ὅρκιον)
2441 2916 2636 2957 artissime

247 2979 491 3028 conjunctum
519 2984 579 3018 est
593 2981 639 3027 ¹).
697 2983 786 3020 Duo
810 2988 936 3021 autem
965 2986 1039 3021 loci
1067 2985 1132 3032 qui
1158 2988 1359 3032 praeterea
1393 2983 1466 3020 hac
1499 2982 1625 3032 figura
1652 2984 1765 3021 nimis
1793 2984 1954 3022 Boeotia
1986 2983 2151 3032 praediti
2186 2983 2345 3021 fuerunt
2373 2981 2441 3035 (Ο.
2472 2984 2567 3022 vm
2598 2987 2634 3022 8.

384 3146 410 3187 ¹)
435 3145 601 3179 Conferre
620 3147 723 3190 juvat
745 3148 833 3180 Xen.
866 3148 933 3180 An.
959 3147 977 3179 I
1002 3150 1033 3189 8,
1058 3151 1096 3181 9:
1121 3148 1254 3183 πάντες
1276 3140 1409 3181 δὀὗτοι
1424 3148 1517 3180 κατὰ
1539 3148 1634 3191 ἔθνη
1657 3150 1698 3180 ἐν
1718 3146 1876 3191 πλαισίῳ
1899 3146 2026 3193 πλήρει
2045 3145 2265 3194 ἀνθρώπων
2287 3151 2439 3183 ἕκαστον
2460 3148 2505 3183 τὸ
2526 3148 2637 3185 ἔθνος

246 3201 493 3245 ἐπορεύετο.

2323 3263 2371 3300 lt
