2864 3499
1246 73 1572 156 -1'3-

211 245 404 292 tempore,
450 251 527 291 quo
555 241 720 292 primum
749 240 906 279 Pindari
936 240 1106 280 carmina
1136 241 1281 290 scripta
1310 243 1414 287 sunt,
1457 241 1553 278 haec
1581 241 1657 278 duo
1685 243 1798 278 τοῦτο
1827 244 1867 278 οῖ
1893 238 2016 278 τωύτό
2050 240 2183 278 eodem
2218 239 2330 278 modo
2358 239 2477 279 scribi
2504 240 2600 279 sole-

210 311 324 351 bant:
354 311 527 349 nostrum
554 309 675 361 igitur
701 311 761 348 est
791 319 925 346 verum
954 308 1192 358 dignoscere.
1248 308 1335 345 Jam
1358 307 1492 347 videas
1518 307 1614 357 ipse,
1644 306 1737 356 quid
1767 306 1981 346 faciendum
2011 307 2062 346 sit
2091 307 2135 344 P.
2166 306 2200 345 V
2235 310 2324 346 116.
2367 306 2417 346 N.
2447 306 2503 347 IX
2534 307 2599 346 42.

344 377 388 416 P.
417 377 471 416 IV
502 380 577 417 211
612 377 700 414 Vat.
730 376 763 415 Β
793 373 901 415 ἔπειτ’
934 374 1131 426 ἀνήλυθον
1161 376 1285 414 offert.
1356 376 1466 415 Hanc
1503 375 1705 415 lectionem
1732 375 1784 414 M.
1820 374 1859 413 in
1897 373 1984 417 Sch.
2012 372 2140 414 Germ.
2170 386 2209 425 p.
2242 373 2316 423 VI,
2359 374 2451 424 quia
2480 374 2600 414 verbo

210 443 407 496 ἀνήλυθον
434 446 501 484 vix
527 445 605 484 ulla
634 456 711 482 vox
739 444 867 492 aptior
895 446 998 483 esset
1026 444 1166 483 flumen
1194 444 1397 483 adversum
1425 442 1687 490 subeuntibus,
1716 442 1818 483 omni
1846 441 1958 482 modo
1987 441 2286 482 commendavit:
2317 441 2477 482 eandem
2499 453 2599 482 nunc

210 524 373 563 quoque,
402 524 632 562 quamquam
652 508 792 550 ἔπειτεν
822 507 970 561 ἤλυθον
998 511 1166 560 scripsit,
1195 511 1240 550 ft.
1273 522 1402 549 veram
1430 522 1515 550 esse
1545 510 1752 550 existimat.
1809 510 1862 548 At
1890 510 2018 549 obstat
2043 513 2291 561 praeceptum
2321 509 2393 549 hoc
2421 510 2600 560 Hephae

210 581 345 619 stionis
364 581 584 619 metricum:
619 579 696 616 πᾶν
723 576 861 628 μέτρον
887 575 940 622 εἰς
967 575 1110 616 τελείαν
1139 579 1371 629 περατοῦται.
1395 574 1505 624 λέξιν.
1566 576 1690 625 Quam
1718 578 1843 628 legem
1864 577 2155 618 Pindarustam
2179 576 2384 627 diligenter
2404 577 2598 624 observat,

212 649 255 685 ut
284 657 470 695 nusquam
501 645 665 692 omniuo,
694 656 742 683 ne
770 644 810 682 in
839 644 1062 695 compositis
1090 643 1245 694 quidem
1276 643 1546 683 vocabulorum
1572 644 1799 683 divisionem
1828 644 1927 682 inter
1955 644 2052 684 duos
2083 656 2218 684 versus
2249 644 2323 684 sibi
2344 644 2598 694 indulgeat¹).

210 714 293 752 Hoc
321 725 439 762 quum
468 716 614 753 certum
642 716 756 759 esset,
791 711 861 749 Bo.
891 710 930 749 id
959 710 1062 760 quod
1089 710 1128 750 in
1156 710 1264 751 libris
1292 710 1489 761 plerisque
1518 711 1627 750 bonis
1656 733 1710 739 —
1737 723 1840 750 nunc
1869 710 1908 749 in
1936 710 2021 759 ipso
2048 711 2139 749 Par.
2170 710 2203 749 G
2236 733 2284 738 —-
2315 711 2459 761 legitur
2487 708 2594 749 ἔπειτ’

211 777 398 831 ἐνήλυθον
428 783 532 820 recte
559 779 616 818 ita
644 776 884 826 emendavit,
929 779 973 816 ut
1000 774 1141 816 ἔπειτεν
1171 775 1318 828 ἤλυθον
1347 777 1545 816 scriberet.
1615 778 1805 817 Nimirum
1835 775 1976 816 ἔπειτεν
2011 781 2051 815 οῖ
2085 777 2208 816 forma
2241 778 2373 816 dorica
2406 782 2446 816 et
2475 777 2601 816 ionica

219 849 290 887 est.
362 846 423 886 Cf.
463 845 661 886 Dammii
698 844 848 883 lexicon
888 844 1382 883 Homerico-Pindaricum
1421 844 1661 883 emendatum
1699 858 1724 883 a
1760 845 1930 884 Rostio
1972 846 2089 883 1831.
2131 857 2163 884 s.
2214 857 2251 883 v,
2291 868 2343 875 —
2382 845 2413 884 Ι.
2445 843 2500 884 VI
2532 846 2597 884 20.

210 914 259 954 N.
288 914 347 954 111
376 917 441 953 54.
470 935 525 941 —
553 913 764 950 Praeterea
791 911 907 949 etiam
935 911 975 948 in
1004 911 1159 949 scholiis
1187 911 1348 949 verbum
1377 911 1540 961 simplex
1569 908 1715 962 ἤλυθον
1741 910 1961 959 habetur2).

341 982 387 1019 P.
416 980 491 1019 VII
522 983 544 1018 5
574 977 815 1028 Bergkius
843 976 947 1015 haud
976 976 1091 1015 dubie
1124 989 1169 1016 eo
1203 977 1367 1017 maxime
1406 978 1564 1018 consilio
1594 978 1751 1027 ductus,
1793 981 1835 1017 ut
1863 990 1957 1018 suae
1986 977 2098 1017 metri
2125 977 2415 1018 conformationi
2443 978 2598 1018 satisfa-

210 1052 324 1097 ceret,
362 1047 446 1087 τίνα
475 1044 579 1086 οἶκόν
606 1044 635 1085 τ’
666 1045 835 1095 scripsit.
907 1043 980 1083 Cui
1009 1043 1249 1095 conjecturae
1276 1045 1329 1084 M.
1353 1045 1436 1096 jam
1464 1046 1503 1085 in
1531 1044 1619 1085 Sch.
1650 1045 1779 1084 Germ.
1808 1057 1847 1095 p.
1878 1045 1953 1084 VII
1981 1044 2154 1085 codicum
2184 1046 2449 1086 auctoritatem
2478 1056 2599 1096 oppo-

211 1118 307 1165 suit,
351 1116 420 1166 qui
446 1115 523 1154 tale
553 1113 647 1163 quid
675 1124 751 1153 non
780 1112 979 1152 haberent.
1051 1111 1108 1152 Ac
1136 1112 1170 1152 si
1199 1125 1333 1153 verum
1360 1113 1525 1163 quaeris,
1564 1113 1756 1164 particula
1783 1126 1823 1151 τε
1851 1113 1891 1151 in
1919 1111 1993 1152 hac
2026 1113 2255 1163 repetitione
2283 1113 2457 1164 ejusdem
2485 1112 2599 1155 verbi

210 1185 361 1225 omnino
381 1196 429 1223 ne
453 1181 547 1222 ferri
576 1180 730 1232 quidem
759 1183 899 1231 potest.
957 1179 1024 1218 Sin
1054 1192 1146 1219 vero
1176 1179 1216 1219 id
1242 1191 1398 1231 quoque
1426 1192 1474 1219 ex
1502 1192 1562 1220 me
1591 1181 1690 1220 scire
1720 1181 1789 1228 vis,
1820 1193 1912 1219 num
1941 1179 2025 1219 τίνα
2054 1178 2169 1227 οἷκον,
2199 1181 2303 1230 quod
2331 1183 2393 1219 Βό.
2415 1180 2597 1231 reposuit,

210 1253 301 1292 mihi
329 1251 537 1302 probetur,
581 1260 656 1288 non
686 1260 862 1299 possum,
906 1247 999 1298 quin
1025 1248 1140 1287 etiam
1167 1247 1240 1287 hoc
1273 1251 1315 1287 ut
1344 1249 1539 1299 rejiciatur
1567 1249 1763 1288 suadeam.
1835 1248 2074 1298 Quamquam
2104 1249 2203 1288 enim
2232 1249 2378 1288 hiatum
2405 1248 2598 1299 digamma

210 1319 351 1368 explet,
377 1317 545 1355 violatur
564 1319 692 1352 tamen
712 1316 745 1352 is
764 1327 868 1360 usus,
898 1326 1009 1362 quem
1038 1315 1126 1352 inde
1156 1316 1205 1352 ab
1232 1316 1335 1354 omni
1362 1319 1546 1363 tempore,
1573 1317 1677 1364 quod
1701 1317 1829 1362 sciam,
1859 1316 2151 1365 diligentissime
2171 1314 2311 1354 Graeci
2330 1315 2597 1356 observarunt.

210 1384 268 1427 Of.
298 1385 409 1423 Hom.
440 1383 478 1423 Ω
506 1385 599 1421 484.
644 1379 683 1422 Ξ
709 1384 746 1420 9.
783 1383 844 1420 12.
875 1395 887 1418 ι
910 1383 1003 1419 463.
1045 1380 1228 1431 Aeschyl.
1259 1382 1369 1421 Pers.
1402 1384 1480 1421 403
1522 1384 1578 1430 (v.
1611 1384 1689 1422 379
1729 1381 1973 1422 scribendum
2010 1385 2069 1421 est
2098 1383 2175 1426 πᾶς
2203 1378 2234 1419 δ’
2264 1378 2392 1419 ὅπλων
2422 1393 2492 1431 pro
2520 1383 2599 1426 πᾶς

208 1450 246 1491 θ’
273 1448 421 1500 ὅπλων)
442 1450 604 1488 Eumen.
636 1451 701 1487 34.
732 1447 843 1487 Pind.
875 1446 921 1488 Ο.
951 1448 988 1486 X
1019 1450 1069 1486 28
1101 1446 1218 1498 πέφνε
1239 1446 1413 1486 Κτέατον
1442 1446 1632 1499 ἀμύμονα,
1661 1447 1779 1500 πέφνε
1807 1447 1839 1488 δ’
1872 1446 2056 1501 Εὔρυτον.
2086 1449 2141 1488 IX
2163 1451 2213 1488 32
2246 1445 2366 1499 ἤρειδε
2390 1449 2597 1494 Ποσειδᾶν,

211 1514 353 1569 ἤρειδεν
377 1515 423 1554 δέ
441 1516 516 1564 (sic
543 1515 669 1565 legel)
691 1530 747 1552 νιν
768 1513 937 1566 ἀργυρέῳ
958 1512 1058 1563 τόξῳ
1079 1512 1288 1565 πολεμίζων
1312 1515 1470 1567 Φοῖβος.
1516 1514 1562 1554 Ο.
1581 1516 1620 1554 11
1641 1518 1663 1555 2
1693 1514 1777 1554 τίνα
1800 1514 1896 1555 θεόν
1923 1514 1986 1554 τιν’
2022 1513 2138 1567 ἥρωα,
2169 1513 2251 1554 τίνα
2280 1513 2311 1554 δ’
2343 1512 2466 1566 ἄνδρα
2493 1515 2597 1553 κελα-

209 1583 382 1636 δήσομεν.
440 1581 503 1622 Sic
524 1582 640 1621 etiam
666 1581 738 1621 hoc
767 1581 814 1620 de
844 1593 921 1631 quo
951 1581 1080 1632 agitur
1110 1581 1192 1620 loco
1222 1593 1309 1620 cum
1336 1580 1433 1621 libro
1462 1582 1633 1631 perbono
1657 1582 1740 1621 Pal.
1771 1581 1801 1620 C
1835 1583 2052 1622 necessario
2082 1581 2323 1622 scribendum
2351 1592 2489 1620 censeo
2514 1578 2599 1618 τίνα

209 1649 369 1702 πάτραν,
399 1648 484 1689 τίνα
511 1647 545 1688 δ’
580 1647 683 1688 οἶκον
710 1649 787 1687 κτλ.

339 1718 384 1755 Ρ.
409 1717 485 1755 XII
506 1720 529 1755 4
551 1716 714 1755 innotuit
741 1726 843 1754 nunc
872 1715 985 1754 lectio
1016 1714 1251 1754 Tricliniana
1278 1712 1318 1752 θ’
1353 1710 1460 1759 ἵλαος
1488 1715 1549 1753 ad'
1567 1715 1775 1755 tollendum
1803 1715 1948 1755 hiatum
1978 1716 2211 1765 excogitata.
2270 1715 2346 1754 Sed
2373 1716 2456 1754 sine
2482 1715 2599 1754 dubio

209 1783 418 1835 rejicienda
445 1786 525 1830 est,
565 1783 658 1832 quia
692 1785 923 1820 structuram
964 1781 1228 1820 inconcinnam
1266 1784 1382 1829 atque
1420 1782 1645 1820 insolentem
1684 1782 1824 1821 reddit.
1901 1781 1960 1822 Cf.
1993 1781 2038 1821 Ο.
2070 1783 2146 1820 XII
2172 1783 2264 1821 init:
2295 1780 2487 1832 λίσσομαι,
2527 1783 2605 1820 παῖ

209 1848 336 1900 Ζηνὸς
351 1847 604 1901 Ἐλευθερίου,
627 1846 774 1899 Ἰμέραν
795 1845 1017 1899 εὐρυσθενέ’
1049 1846 1269 1897 ἀμφιπόλει..
1308 1848 1354 1888 N.
1382 1848 1441 1886 m
1468 1849 1562 1887 init:
1593 1843 1624 1887 ὦ
1653 1846 1790 1887 πότνια
1820 1849 1964 1895 Μοῖσα,
1993 1851 2111 1900 μᾶτερ
2141 1846 2317 1900 ἁμετέρα,
2347 1846 2530 1899 λίσσομαι

209 1915 332 1964 fuson.
401 1917 539 1966 Neque
568 1915 696 1955 hiatus
723 1914 785 1955 hic
813 1914 936 1955 adest.
995 1913 1054 1955 Cf.
1084 1916 1154 1954 Βό.
1184 1915 1231 1954 de
1259 1917 1370 1957 metr.
1399 1915 1510 1954 Pind.
1540 1915 1605 1954 lib.
1635 1916 1694 1955 111
1721 1927 1806 1966 cap.
1837 1916 1949 1954 XXII
1977 1927 2016 1965 p.
2050 1920 2126 1955 309
2182 1938 2231 1943 --
2273 1915 2455 1955 Ceterum
2483 1927 2601 1965 quum

210 1985 326 2024 semel
354 1984 395 2021 in
422 1982 524 2022 hunc
553 1983 677 2022 locum
707 1982 926 2021 devenerim
956 1983 1068 2021 liceat
1096 1982 1188 2021 mihi
1223 1981 1369 2031 aliquid
1401 1982 1555 2031 addere,
1591 1983 1693 2032 quod
1724 1995 1748 2021 a
1776 1995 1818 2021 re
1852 1983 2054 2033 proposita
2091 1982 2247 2032 quidem
2275 1983 2446 2032 paullum
2475 1983 2599 2023 abest.

209 2052 384 2100 Namque
403 2050 635 2100 interpretes
658 2050 892 2091 recentiores
914 2061 1057 2099 omnes,
1087 2050 1188 2100 quod
1208 2050 1338 2098 sciam,
1369 2049 1575 2090 scholiasta
1604 2054 1812 2100 praeeunte
1840 2048 2050 2089 ἀθανάτων
2070 2048 2228 2102 ἀνθρῶν
2248 2053 2330 2099 τε4)
2361 2052 2601 2102 conjungunt

209 2129 295 2157 cum
322 2114 484 2168 εὐμενίᾳ,
515 2116 629 2166 idque
657 2128 734 2155 non
761 2120 865 2156 recte
894 2116 987 2156 mihi
1014 2116 1141 2156 faeere
1171 2116 1361 2156 videntur.
1439 2117 1503 2156 Sic
1530 2118 1660 2167 potius
1689 2118 1810 2157 locum
1839 2118 2034 2169 intelligo:
2078 2115 2185 2164 ἵλαος
2213 2117 2283 2158 σὺν
2311 2117 2464 2171 εὐμενίᾳ
2490 2116 2597 2166 δέξαι

209 2181 417 2222 ἀθανάτων
436 2182 585 2235 ἀνδρῶν
607 2197 647 2222 τε
670 2182 902 2234 στεφάνωμα
930 2183 1003 2223 11οο
1032 2196 1167 2223 sensu:
1194 2184 1365 2233 propitia
1383 2197 1429 2224 ac
1447 2184 1638 2223 benevola
1665 2184 1796 2235 accipe
1825 2185 2131 2225 immmortalium
2158 2186 2431 2237 hominumque
2452 2186 2599 2226 haucee

209 2262 398 2298 coronam,
428 2252 723 2289 celebrationem
743 2251 828 2300 ejus
859 2251 1054 2298 victoriae,
1083 2250 1123 2290 in
1151 2263 1228 2299 qua
1255 2250 1375 2290 divini
1403 2250 1635 2301 humanique
1665 2250 1812 2292 favoris
1841 2251 2108 2293 documentum
2137 2254 2285 2304 pariter
2307 2253 2489 2293 cernitur.
2533 2252 2597 2292 Sic

209 2315 314 2365 apud
341 2316 523 2366 Aeschyl.
552 2318 664 2356 Eum.
696 2316 801 2359 1040
833 2313 933 2357 ἵλαοι
960 2314 1000 2356 δὲ
1028 2313 1090 2356 καὶ
1116 2314 1357 2369 εὐθύφρονες
1385 2315 1480 2371 δεῦρ’
1515 2313 1577 2364 ἴτε,
1607 2315 1740 2368 σεμναὶ
1769 2318 1845 2357 κτλ.
1917 2319 1969 2358 Εῖ
1997 2320 2102 2370 apud
2130 2320 2339 2370 scriptores
2367 2320 2518 2360 Atticos
2543 2321 2597 2359 lo-

208 2382 309 2423 cutio
329 2383 525 2424 sollemnis
553 2383 648 2424 haee
676 2386 736 2424 est
765 2380 873 2430 ἵλαος
900 2380 962 2423 καὶ
991 2381 1157 2435 εὐμενής.
1203 2383 1262 2422 Of.
1284 2385 1385 2422 Plat.
1415 2384 1580 2423 Phaedr.
1613 2387 1705 2424 257.
1734 2385 1782 2423 A.
1812 2386 1910 2424 lbid.
1932 2387 2132 2425 Heindorf.
2190 2388 2252 2425 Ita
2275 2387 2466 2426 Pindarus
2488 2383 2594 2430 ἵλαος

209 2446 277 2486 σὺν
306 2447 458 2502 εὐμενίᾳ
485 2463 597 2491 usum
625 2452 857 2500 precationis
884 2452 1120 2490 observans.·

342 2516 392 2555 N.
412 2516 471 2556 111
494 2520 543 2557 75
566 2517 803 2558 Tricliniana
829 2517 977 2558 ratione
1004 2514 1026 2556 ὁ
1045 2514 1193 2569 μακρὸς
1221 2514 1314 2555 αἰών
1344 2517 1488 2568 rejecta
1516 2521 1619 2557 recte
1647 2519 1700 2556 M.
1730 2517 1752 2556 ὁ
1779 2518 1931 2564 θνατὸς
1958 2518 2051 2557 αἰών
2080 2521 2248 2570 scripsit.
2307 2521 2476 2560 Primum
2495 2520 2593 2558 enim

208 2580 302 2621 haec
325 2581 437 2622 lectio
457 2586 517 2624 est
536 2584 766 2633 optimorum
795 2583 978 2632 codicum,
1008 2582 1159 2631 deinde,
1188 2582 1226 2621 id
1255 2583 1358 2633 quod
1387 2595 1574 2623 summum
1602 2589 1673 2633 est,
1702 2586 1825 2635 ipsius
1845 2587 2073 2634 Aristarchi,
2103 2587 2177 2626 fide
2205 2589 2348 2635 nititur,
2378 2589 2444 2636 qui
2471 2587 2592 2625 altero

211 2647 293 2689 loeo
322 2647 416 2689 dicit
444 2647 466 2689 ὁ
494 2651 570 2690 τῶν
597 2648 820 2705 ἀνθρώπων
848 2648 942 2704 βίος,
972 2650 1094 2689 altero
1123 2647 1145 2688 ὁ
1174 2647 1319 2700 θνητὸς
1347 2647 1451 2689 αἰών.
1509 2652 1686 2701 Denique
1716 2664 1854 2691 sensus
1882 2654 2026 2703 probus
2055 2654 2206 2703 quidem
2235 2667 2310 2693 non
2337 2654 2499 2693 efficitur
2518 2653 2595 2693 nisi

209 2715 282 2758 hae
309 2716 396 2767 ipsa
423 2717 586 2757 lectione
611 2722 782 2770 recepta.
854 2718 954 2757 Nam
983 2718 1049 2768 qui
1075 2716 1223 2769 μακρός
1250 2718 1415 2756 retinere
1444 2719 1549 2765 vult,
1588 2719 1621 2757 is
1651 2720 1774 2758 locum
1807 2721 1863 2760 sic
1895 2721 2080 2770 explicari
2103 2722 2238 2771 jubet:
2283 2720 2482 2769 „Iuvenis,
2520 2720 2593 2770 vir,

209 2794 328 2824 senex
356 2794 428 2824 sua
456 2785 619 2836 quisque
649 2786 788 2826 aetatis
816 2786 975 2836 propria
1003 2786 1189 2825 excellere
1217 2789 1346 2834 potest
1375 2786 1539 2831 virtute;
1585 2786 1618 2825 si
1646 2787 1734 2835 quis
1769 2801 1862 2828 vero
1898 2788 2053 2838 longum
2090 2789 2192 2829 vitae
2220 2788 2388 2840 spatium
2416 2800 2595 2831 emensus

346 2972 372 3017 ¹)
398 2971 451 3006 cf.
476 2971 538 3006 Βὸ.
563 2971 606 3007 de
629 2974 731 3008 metr.
757 2971 860 3007 Pind.
886 2971 948 3006 lib.
973 2971 991 3005 I
1014 2981 1088 3016 cap.
1114 2971 1205 3005 XIII
1228 2973 1264 3005 et
1286 2970 1350 3005 lib.
1375 2970 1433 3005 III
1456 2981 1531 3015 cap.
1557 2971 1683 3006 XXIII
1705 2984 1739 3016 p.
1766 2975 1842 3008 318.
1868 2976 1943 3008 319.

345 3028 372 3072 ')
397 3027 476 3062 Sch.
501 3027 547 3061 ad
570 3028 605 3062 h.
630 3029 660 3063 l:
685 3030 811 3064 ἔπειτα
835 3031 883 3065 εἰς
906 3029 973 3063 τὸν
997 3031 1115 3064 Φᾶσιν
1137 3026 1313 3072 ποταμὸν,
1340 3031 1459 3074 φησὶν,
1483 3021 1603 3071 ἦλθον
1627 3027 1709 3074 παρ’
1733 3027 1837 3073 αὐτῷ
1859 3032 1914 3074 τῷ
1930 3028 2055 3076 Αἰήτῃ,
2080 3029 2176 3064 ἔνθα
2200 3034 2276 3067 τοῖς
2298 3030 2597 3076 καταπληκτικοῖς

208 3081 356 3126 Κόλχοις
378 3083 447 3128 τὴν
469 3084 610 3119 ἑαυτῶν
635 3085 736 3128 ἰσχὺν
758 3084 988 3132 προσήγαγον
1011 3088 1069 3119 καὶ
1090 3082 1319 3129 προσέμιξαν,
1344 3087 1631 3130 περιφραστικῶς
1653 3089 1907 3132 παρεγένοντο.

346 3140 372 3183 ³)
397 3137 501 3184 Apud
523 3139 713 3174 Homerum
738 3140 789 3175 sic
810 3140 1043 3184 imperativus
1067 3138 1269 3176 ἀσυνδέτωσ
1297 3138 1342 3174 ad
1364 3138 1509 3174 verbum
1532 3139 1699 3184 precandi
1727 3152 1797 3176 non
1820 3140 1977 3181 additur,
2015 3140 2075 3175 sed
2098 3143 2162 3176 aut
2184 3142 2388 3179 infinitivus
2411 3147 2476 3180 aut
2496 3142 2598 3182 ὅπως

213 3206 291 3230 cum
314 3194 419 3230 verbo
438 3193 541 3230 finito
565 3195 735 3240 sequitur.
782 3195 930 3231 Pindari
952 3195 1084 3231 locutio
1107 3194 1222 3240 magis
1245 3196 1385 3239 poetam
1408 3194 1559 3240 lyricum
1581 3195 1692 3230 decet.

345 3251 373 3295 ⁴)
398 3251 570 3286 Homerus
590 3250 642 3285 sic
663 3250 822 3296 loquitur
845 3250 992 3299 ἀνδρῶν
1012 3265 1052 3286 τε
1077 3252 1178 3286 θεῶν
1192 3261 1249 3287 τες
1273 3250 1405 3285 assolet
1429 3251 1523 3286 enim
1546 3250 1722 3287 Pindarus
1745 3262 1795 3293 ea,
1826 3260 1912 3296 quae
1937 3261 1976 3286 ex
2001 3253 2154 3288 Homero
2178 3255 2320 3299 repetit,
2347 3255 2506 3300 paullum
2531 3257 2596 3291 im·

210 3307 349 3343 mutata
371 3316 434 3342 sua
456 3306 578 3342 facere.
