2864 3499
1267 102 1557 146 —7—

226 235 247 277 ἔ
253 250 295 277 τι
315 237 347 286 ¹)
376 233 570 288 μομφάν
599 249 645 288 γε
672 232 786 278 τόκος
814 231 1016 285 ἀνδρῶν.
1054 233 1258 271 Permanet
1285 232 1405 282 igitur
1434 234 1550 282 poeta
1576 231 1614 270 in
1643 231 1894 271 translatione
1922 244 1946 270 a
1975 230 2103 270 debito
2132 235 2287 282 sumpta
2314 235 2353 272 et
2382 231 2476 273 haec
2503 244 2602 273 nunc

224 304 351 344 addit:
381 304 677 350 „Verumtamen
707 312 834 338 acrem
862 299 1055 337 hominum
1083 298 1418 348 reprehensionem
1446 299 1652 338 etiamnum
1678 299 1824 339 diluere
1846 301 1975 348 potest
2002 304 2160 338 usura.“

358 371 475 420 Pyth.
503 370 558 406 VI
586 379 644 406 vs.
672 370 722 405 45
743 389 780 395 —
801 370 850 405 47
883 365 997 405 etiam
1025 379 1126 405 nunc
1160 369 1248 415 post
1275 365 1458 406 Schmidii
1485 369 1525 404 et
1552 365 1761 405 Her-manni
1789 363 2028 416 conjecturas
2056 364 2154 404 male
2182 364 2337 406 habent.
2395 367 2447 407 Ut
2475 370 2601 407 autem

226 442 330 478 recte
358 436 620 481 emendentur,
655 435 810 483 praeter
838 432 1020 473 librorum
1051 433 1250 473 lectionem
1261 432 1297 482 ²)
1334 432 1430 472 haec
1457 431 1533 472 duo
1562 444 1662 483 quae
1690 434 1845 472 exstant
1884 431 2028 472 scholia
2056 431 2272 473 adhibenda
2301 432 2499 472 videntur:
2528 436 2602 472 τῶν

227 502 266 545 δὲ
294 501 513 557 ἀνθρώπων
541 501 617 540 τῶν
646 497 734 540 καθ’
767 498 866 551 ἡμᾶς
893 498 915 539 ὁ
949 498 1226 553 Θρασύβουλος
1252 497 1351 552 πρὸς
1377 496 1443 551 τὴν
1472 501 1540 539 τοῦ
1568 496 1714 551 πατρὸς
1748 497 1885 539 ἑαυτοῦ
1916 498 2093 551 στάθμη-ν
2123 496 2185 538 καὶ
2213 498 2412 552 ὀρθότητα
2438 499 2603 551 μάλιστα

225 570 355 626 βαίνει,
385 565 498 609 οἱονεὶ
526 564 592 608 τὸν
620 564 758 607 ἑαυτοῦ
788 565 935 619 πατέρα
963 568 1063 619 τιμᾷ.
1097 564 1142 606 τὸ
1170 563 1210 606 δὲ
1237 565 1397 619 πάτρωϊ,
1425 568 1479 615 τῷ
1508 563 1606 617 πρὸς
1633 565 1780 618 πατρὸς
1807 565 1905 616 θείῳ
1938 565 2100 618 Θήρωνι.
2136 566 2385 619 ἐπερχόμενος
2413 563 2480 605 οὖν
2507 567 2605 620 πρὸς

225 637 292 691 τὴν
320 640 388 677 τοῦ
416 633 529 675 θείου
558 633 716 687 ἀγλαΐαν
745 631 806 672 καὶ
834 632 932 672 κατὰ
959 632 1025 672 τὸν
1054 632 1197 684 κόσμον
1226 631 1309 672 ἴσον
1337 630 1471 672 ἑαυτὸν
1499 631 1700 679 ἀπέδειξεν.
1746 633 1940 672 Alterum:
1969 631 2050 672 ἀντὶ
2079 636 2148 672 τοῦ
2163 632 2374 687 3)πι1ί·ινρ(11ἴ
2389 637 2603 686 ποιητικῶς.

225 703 291 745 τὸν
318 702 388 757 γὰρ
419 701 585 754 Θήρωνα
612 700 727 754 λέγειν
755 699 862 740 θέλει
888 698 954 740 τὸν
983 699 1148 752 ἀδελφὸν
1177 698 1450 752 Ξενοκράτους.
1506 700 1590 740 Hoc
1616 700 1808 751 posterius
1838 699 2009 740 scholion
2038 700 2104 751 qui
2132 701 2288 752 scripsit
2315 714 2432 752 quum
2457 701 2606 753 aliquid

226 771 374 822 poetice
401 769 543 809 dictum
572 768 627 807 ait
654 779 726 818 pro
755 765 914 820 πάτρωζ
944 767 1046 807 haud
1073 767 1199 816 dubie,
1229 766 1268 807 id
1295 766 1396 817 quod
1426 766 1478 805 Μ.
1499 766 1606 815 vidit,
1634 764 1816 819 πατρῴαν
1845 766 2014 817 explicat
2042 769 2177 816 utpote
2204 781 2229 807 a
2255 772 2371 818 poeta
2397 769 2447 809 ad
2474 773 2605 819 patru-

227 851 309 886 um,
339 848 415 877 non
442 834 492 876 ad
520 836 668 886 patrem
697 834 871 875 relatum.
928 834 1028 875 Nam
1057 833 1275 875 Theronem
1302 833 1491 873 hominem
1519 833 1841 885 spectatissimum
1870 832 2012 881 fuisse,
2054 833 2093 872 id
2121 847 2169 873 ex
2197 835 2282 884 ipso
2312 836 2479 876 Pindaro
2506 837 2605 876 bene

228 906 340 945 vetus
368 902 431 942 ille
467 901 657 955 interpres
686 904 921 953 compertum
959 901 1126 940 habebat
1141 901 1187 949 ⁴).
1243 900 1352 948 Hinc,
1383 901 1417 939 si
1446 900 1539 950 quid
1568 900 1698 947 video,
1728 902 1946 950 corruptela
1975 904 2061 939 orta
2088 904 2160 940 est.
2219 903 2388 941 Primum
2415 905 2535 952 enim,
2563 908 2605 943 ut

227 968 407 1022 πατρῴαν
436 972 539 1008 recte
567 970 865 1019 intelligeretur,
898 967 1053 1019 πάτρωὶ·
1076 969 1137 1006 vel
1165 969 1205 1005 in
1232 970 1404 1019 margine
1433 969 1495 1006 vel
1529 969 1643 1018 juxta
1671 969 1857 1018 scriptum
1892 972 1995 1016 erat,
2037 968 2173 1009 deinde
2208 970 2247 1009 111
2280 970 2406 1020 ipsum
2434 971 2605 1012 ordinem

227 1035 448 1085 verborum,
487 1034 553 1076 ubi
581 1034 697 1076 etiam
725 1046 826 1076 nunc
853 1034 1035 1084 habetur,
1078 1034 1304 1074 vocabulum
1332 1038 1526 1086 receptum
1556 1037 1637 1074 est:
1677 1037 1716 1073 et
1744 1038 1878 1074 auctor
1920 1035 2006 1086 ejus
2034 1035 2186 1083 scholii,
2229 1036 2330 1085 quod
2367 1037 2495 1086 priore
2523 1039 2606 1077 loco

229 1102 388 1155 scripsi,
426 1101 466 1142 id
495 1101 619 1154 ipsum
646 1100 814 1155 πάτρωϊ,
853 1104 896 1138 ut
924 1102 1059 1151 liquet,
1101 1102 1141 1138 in
1170 1102 1266 1138 libro
1296 1113 1364 1139 suo
1398 1103 1480 1150 jam
1508 1103 1718 1139 invenerat.
1775 1103 1861 1139 Jam
1890 1114 2008 1150 quum
2038 1102 2193 1152 πάτρωῖ
2215 1105 2254 1140 111
2284 1105 2410 1152 ipsum
2435 1106 2605 1144 ordinem

228 1170 428 1209 verborum
457 1169 655 1219 delapsum
684 1172 806 1215 esset,
847 1170 923 1205 alia
952 1180 1028 1205 vox
1066 1170 1245 1206 submota
1272 1169 1320 1205 de
1349 1181 1420 1207 sua
1456 1169 1546 1206 sede
1583 1170 1621 1206 in
1651 1181 1788 1206 novam
1827 1168 2021 1217 migravit.
2077 1167 2139 1208 Ad
2180 1168 2279 1210 hanc
2307 1173 2434 1211 autem
2473 1185 2603 1213 vocem

228 1234 381 1275 ἅπασαν
410 1236 547 1278 refero,
579 1236 681 1286 quod
709 1237 747 1273 in
778 1236 884 1274 libris
908 1241 998 1275 mss.
1027 1238 1116 1274 ante
1144 1233 1222 1283 νόῳ
1249 1238 1377 1275 exstat
1391 1237 1446 1283 ⁸),
1476 1238 1516 1274 et
1545 1234 1600 1274 sic
1628 1232 1868 1274 scribendum
1896 1247 1982 1275 esse
2011 1234 2208 1276 existimo:

1008 1325 1189 1376 πατρῴαν
1218 1325 1385 1374 μάλιστα
1412 1323 1510 1375 πρὸς
1539 1323 1719 1374 στάθμαν
1749 1322 1818 1376 ἔβα

1010 1391 1138 1432 πᾶσάν
1167 1391 1194 1432 τ’
1228 1389 1476 1444 ἐπερχόμενος
1503 1387 1661 1444 ἄγλαΐαν
1691 1388 1837 1439 ἔδειξεν.

1010 1458 1086 1508 νόῳ
1113 1457 1153 1498 δὲ
1177 1461 1343 1498 πλοῦτον
1372 1456 1462 1511 ἄγει,
1493 1459 1560 1498 κτλ
1575 1459 1622 1506 ⁶).

360 1548 543 1597 EJusdem
572 1549 750 1586 carminis
779 1559 839 1586 vs.
871 1552 957 1595 50.‚
994 1548 1060 1597 qui
1087 1548 1201 1586 etiam
1229 1548 1268 1586 in
1303 1548 1444 1596 optimo
1479 1547 1576 1586 libro
1606 1547 1693 1587 Vat.
1724 1548 1755 1586 B
1785 1551 1989 1596 corruptus
2020 1551 2148 1587 exstat
2164 1547 2218 1600 ⁷),
2263 1553 2367 1588 recte
2396 1563 2420 1589 a
2443 1550 2492 1588 Μ.
2524 1549 2604 1590 0011.

229 1625 301 1662 ope
330 1614 368 1652 in
396 1614 496 1653 hunc
524 1614 676 1652 modum
706 1615 906 1653 restitutus
935 1626 1020 1653 esse
1049 1614 1218 1653 videtur:

801 1736 804 1739 ¹
934 1689 990 1730 τίν
1019 1689 1046 1729 τ’
1076 1689 1305 1743 Ἐλέλιχθον,
1335 1687 1382 1736 ἃς
1410 1686 1515 1742 εὗρες
1544 1688 1697 1736 ἱππείας
1725 1688 1892 1736 ἐσόδους.

229 1768 398 1806 Primum
427 1768 526 1806 enim
561 1767 741 1807 librorum
776 1766 905 1819 ὀργαῖς
932 1766 1077 1814 πάσαις
1114 1769 1313 1809 verissime
1341 1780 1412 1819 pro
1450 1769 1680 1819 glossemate
1717 1767 1833 1808 habet
1868 1768 2046 1808 versiculi
2080 1767 2184 1819 μάλα
2221 1767 2350 1809 ἁδόντι
2380 1770 2468 1820 νόῳ.
2524 1771 2608 1811 Hoc

224 1835 304 1884 jam
334 1835 379 1872 F.
410 1833 526 1873 Thie
536 1847 581 1874 rs
592 1833 728 1874 chius
764 1837 1017 1884 perspexerat
1028 1834 1077 1883 8):
1113 1846 1184 1875 nec
1212 1835 1346 1874 habuit
1374 1846 1421 1874 ea
1448 1834 1568 1873 verba
1607 1834 1826 1874 scholiasta.
1884 1835 2030 1873 Deinde
2059 1846 2151 1874 vero
2188 1836 2290 1885 quod
2324 1841 2456 1876 vetere
2492 1838 2609 1875 inter-

227 1903 337 1950 prete
365 1899 460 1940 duce
486 1900 673 1950 pluralem
703 1898 854 1946 ἱππείας
882 1899 1040 1946 ἐσόδους
1067 1902 1224 1952 recepit,
1253 1901 1326 1940 1100
1354 1912 1503 1951 quoque
1524 1901 1734 1940 rectissime
1764 1900 1872 1941 fecit:
1901 1901 2077 1939 nimirum
2105 1901 2199 1939 haec
2228 1902 2460 1942 scholiastae
2490 1904 2611 1942 verba

228 1964 296 2011 οὓς
314 1988 369 1995 —-
397 1967 452 2007 sic
480 1967 566 2017 ipso
592 1968 669 2006 Mo.
696 1970 793 2006 teste
821 1968 861 2006 111
891 1967 970 2007 sch.
1004 1968 1092 2006 Vat.
1121 1967 1166 2006 B.
1196 1967 1339 2017 legitur
1367 1990 1420 1996 —
1449 1961 1555 2019 εὗρες
1584 1965 1735 2013 ἱππείοις
1763 1965 1941 2015 ἐσόδους,
1975 1967 2152 2017 quoniam
2183 1968 2390 2018 explicatio
2417 1967 2610 2008 τουτέστιν

229 2031 383 2078 ἱππικὰς
412 2031 574 2084 ἁμίλλας
590 2034 626 2083 ⁹)
656 2035 770 2072 etiam
798 2033 961 2080 additur,
991 2034 1077 2083 ipsa
1105 2034 1334 2083 explicantis
1363 2047 1438 2073 non
1467 2037 1567 2074 sunt.
1624 2035 1799 2083 Denique
1828 2031 1907 2080 οὖς,
1936 2033 2039 2083 (111οᾶ
2067 2034 2105 2073 in
2135 2034 2216 2074 sch.
2247 2038 2317 2083 est,
2346 2048 2417 2085 per
2442 2048 2610 2076 errorem

228 2111 299 2148 pro
327 2098 374 2145 ἅς
403 2104 587 2150 sequente
616 2098 774 2145 ἐσόδους
802 2099 913 2140 facile
942 2100 1058 2140 scribi
1086 2100 1260 2150 potuisse
1288 2112 1365 2141 non
1393 2104 1464 2150 est,
1494 2113 1563 2141 cur
1590 2112 1787 2152 negemus.

362 2168 423 2205 Ex
452 2167 513 2207 his
541 2168 676 2217 paucis
704 2167 767 2217 qui
799 2167 953 2207 tractati
982 2170 1071 2208 sunt
1099 2168 1191 2208 locis
1220 2167 1333 2217 plane
1356 2168 1470 2207 etiam
1498 2168 1650 2207 elucere
1679 2167 1804 2215 credo,
1834 2167 1969 2218 quanti
1997 2167 2035 2206 in
2063 2167 2310 2207 emendandis
2338 2168 2497 2208 Pindari
2525 2181 2606 2207 car-

230 2231 394 2273 minibus
422 2237 578 2284 praeter
606 2234 713 2285 ipsos
742 2234 859 2275 libros
887 2234 1052 2285 scriptos
1081 2233 1225 2275 scholia
1244 2239 1377 2273 vetera
1405 2234 1581 2274 facienda
1609 2235 1698 2274 sint.
1739 2235 1850 2274 Licet
1876 2235 1976 2273 enim
2004 2235 2164 2273 collecta
2191 2236 2230 2273 in
2258 2247 2372 2274 unum
2401 2247 2539 2286 corpus
2567 2239 2607 2273 et

231 2299 449 2350 conscripta
486 2300 563 2341 sint
603 2303 739 2351 quarto
768 2301 829 2341 vel
858 2301 990 2351 quinto
1018 2304 1106 2352 post
1133 2300 1224 2339 Chr.
1254 2301 1447 2348 saeculo,
1468 2313 1600 2339 veram
1630 2304 1758 2340 tamen
1798 2302 2003 2351 originem,
2042 2302 2082 2338 id
2117 2302 2218 2350 quod
2247 2314 2295 2339 ex
2324 2303 2453 2340 multis
2491 2302 2606 2341 rebus

230 2368 402 2414 apparet,
433 2379 453 2406 e
480 2368 646 2417 pristina
671 2368 1014 2407 Alexandrinorum
1043 2371 1167 2406 aetate
1196 2367 1347 2405 habent.
1377 2367 1558 2405 Profecto
1582 2367 1677 2406 haee
1705 2368 1850 2406 scholia
1879 2368 2083 2406 Pindarica
2111 2380 2160 2405 ex
2187 2369 2341 2417 optimis
2371 2372 2478 2415 sunt,
2508 2381 2605 2418 quae

366 2530 391 2573 ¹)
415 2530 451 2565 11.
476 2542 504 2567 e.
528 2532 598 2567 etsi
621 2531 752 2567 dudum
775 2531 934 2567 debitum
950 2532 1041 2567 solvi
1058 2543 1085 2566 S.
1104 2541 1241 2567 carmen
1261 2529 1360 2566 mitti
1376 2529 1544 2575 oportuit.

363 2585 390 2628 ³)
415 2586 457 2620 V.
483 2587 562 2622 Sch.
588 2588 705 2624 Germ.
729 2600 763 2633 p.
789 2588 871 2630 VII,
895 2599 988 2623 nunc
1012 2588 1125 2633 ipsam
1149 2587 1233 2621 edit.
1257 2598 1290 2632 p.
1316 2589 1380 2621 230
1403 2597 1454 2630 sq.

363 2642 390 2684 ³)
414 2641 611 2677 Admodum
635 2646 690 2678 est
713 2644 912 2685 ridiculum,
936 2643 1028 2688 quod
1051 2643 1201 2679 editores
1224 2641 1434 2677 addiderunt
1450 2642 1553 2685 θείῳ.
1584 2641 1744 2676 Profecto
1767 2642 1846 2686 quis
1863 2641 1948 2676 adeo
1965 2641 2147 2681 insaniret,
2174 2642 2213 2675 ut
2237 2640 2304 2681 1110,
2330 2641 2389 2675 ubi
2413 2640 2455 2675 de
2478 2643 2603 2685 patruo

227 2706 338 2729 sermo
362 2697 428 2737 est,
453 2697 599 2742 πάτρωϊ
617 2699 754 2743 poetice
778 2699 911 2733 dietum
936 2699 1043 2734 vellet
1065 2709 1128 2743 pro
1152 2700 1264 2742 θείῳῐ
1308 2697 1383 2732 Ηο0
1406 2695 1579 2731 sholiasta
1600 2707 1669 2731 non
1694 2696 1848 2741 scripsit.

360 2752 390 2794 ⁴)
412 2751 485 2786 Nec
507 2754 626 2789 tamen
651 2754 685 2789 ei
708 2754 937 2798 explicationi
965 2754 1156 2789 assentior:
1193 2753 1347 2798 pertinet
1370 2752 1487 2797 potius
1517 2750 1694 2798 πατρῴαν
1724 2751 1769 2787 ad
1799 2762 1917 2786 omnes
1947 2753 2093 2797 majores
2119 2751 2176 2794 (cf.
2203 2751 2307 2795 Soph.
2334 2752 2387 2784 El.
2413 2755 2489 2785 411.
2514 2752 2603 2786 Xen.

226 2806 293 2840 An.
310 2805 329 2840 I
354 2809 384 2848 7,
408 2809 429 2841 6
452 2807 526 2851 aL),
549 2808 594 2842 ad
616 2811 731 2844 totam
747 2810 1031 2845 Emmenidarum
1055 2811 1208 2854 gentem,
1232 2820 1318 2854 quae
1341 2818 1420 2843 vere
1442 2807 1585 2853 egregia
1607 2808 1712 2852 atque
1735 2807 1888 2852 insignis
1912 2806 1992 2841 fuit.
2034 2806 2086 2840 Cf.
2113 2805 2152 2840 O.
2178 2805 2215 2840 II
2239 2807 2276 2840 et
2299 2816 2411 2840 meam
2434 2805 2477 2841 de
2500 2806 2605 2841 Pind.

226 2859 282 2896 01.
306 2859 354 2896 11.
381 2864 605 2898 commentat.
654 2864 817 2910 Gotting.
846 2866 941 2900 1862.
965 2876 1000 2910 p.
1025 2867 1144 2899 9—11.

362 2919 388 2963 ⁵)
411 2918 602 2954 Triclinius
625 2919 784 2964 ἅπασαν,
807 2921 899 2967 (111οᾶ
921 2920 1144 2963 redundaret,
1169 2919 1319 2965 expulit.

359 2975 387 3019 ⁸)
412 2974 507 3018 Quae
529 2974 572 3008 de
596 2975 661 3010 hoc
683 2966 759 3012 l'oco
781 2988 874 3011 nunc
897 2978 1079 3023 disputata
1102 2976 1196 3011 edidi
1218 2976 1300 3010 ante
1322 2974 1386 3009 hoc
1411 2976 1484 3008 tres
1500 2985 1610 3009 annos
1634 2974 1826 3018 conscripsi
1850 2976 1886 3008 et
1909 2973 2042 3007 interea
2066 2971 2206 3007 seriniis
2230 2971 2317 3007 meis
2345 2971 2491 3008 tradidi.
2525 2972 2607 3009 Jam

225 3038 353 3073 magno
375 3029 466 3064 mihi
487 3029 617 3075 gaudio
643 3033 714 3074 est,
745 3033 838 3077 quod
859 3034 908 3068 M.
932 3034 970 3068 in
993 3033 1138 3069 eandem
1160 3033 1230 3067 fere
1254 3029 1465 3065 seutentiam
1495 3028 1663 3064 incidisse
1692 3028 1809 3065 video:
1845 3028 1905 3064 sed
1927 3029 2039 3075 majus
2061 3028 2169 3063 etiam
2198 3028 2281 3063 inde
2302 3028 2474 3074 gaudium
2496 3029 2608 3075 capio,

223 3083 315 3129 quod
340 3085 616 3121 emendationem
638 3088 729 3123 mihi
751 3088 997 3133 perficiendam
1020 3088 1176 3133 reliquit.
1222 3086 1307 3122 Jure
1329 3087 1446 3121 autem
1469 3085 1538 3119 Mo.
1559 3085 1667 3120 initia
1690 3085 1867 3133 πατρῴαν
1890 3086 1926 3120 οῖ
1948 3085 2075 3130 πάτρῳ
2099 3085 2260 3128 proxima
2283 3084 2487 3130 displicent.

360 3142 387 3186 “’)
410 3141 485 3177 Ita:
513 3146 572 3177 τίν
596 3156 645 3185 τε,
672 3142 887 3188 Ἐλέλιχθον,
911 3144 1033 3191 ὀργαῖς
1055 3144 1189 3180 πάσαις
1211 3141 1298 3178 ὅσον
1321 3142 1470 3177 ἱππείαν
1494 3140 1634 3177 ἔσοδον.

358 3198 386 3242 ⁰)
411 3197 632 3243 Bergkius
655 3198 778 3245 ὀργαῖς
804 3200 937 3237 πάσαις
961 3200 1062 3235 uncis
1086 3198 1243 3235 inclusit.

359 3253 386 3297 ⁸)
409 3253 573 3289 Ceterum
595 3254 864 3299 explicationem
885 3256 986 3291 illam
1009 3255 1154 3292 ἱππικὰς
1175 3252 1334 3300 ἁμίλλας,
1356 3262 1460 3298 quam
1482 3252 1591 3287 etiam
1612 3251 1847 3286 Dissenius
1871 3261 1970 3286 suam
1995 3252 2090 3293 fecit,
2115 3252 2241 3288 falsam
2258 3263 2334 3288 esse
2349 3263 2481 3289 moneo.
2516 3252 2608 3288 Vere

221 3307 295 3351 jam
317 3307 379 3343 Βὸ.
404 3309 484 3344 0011.
510 3310 550 3345 Ρ.
576 3310 608 3345 V
635 3311 696 3346 116
719 3310 820 3347 haec:
847 3312 955 3348 inula
978 3312 1101 3349 ἔσοδος
1122 3313 1178 3346 est
1202 3310 1321 3346 aditus
1343 3308 1388 3344 ad
1411 3308 1587 3353 equestria
1612 3306 1732 3343 studia
1752 3306 1932 3353 ludosque.
