2864 3499
1269 91 1562 137 ..5.-

227 228 495 268 vocabulorum
531 223 674 263 formas
710 222 922 272 complures
950 235 971 261 e
999 223 1270 272 manuscriptis
1304 223 1499 270 tollerent,
1539 224 1669 273 epicas
1703 228 1743 262 et
1780 224 1959 274 vulgares
1997 229 2276 274 supponerent:
2316 237 2393 275 quo
2428 227 2599 267 mutandi

224 295 352 335 studio
380 291 512 341 priora
539 290 683 340 Pythia
711 288 865 329 easdem
894 289 974 328 fere
1004 289 1299 338 depravationes
1334 301 1432 339 quas
1462 288 1644 339 Olympia
1671 301 1791 339 passa
1828 292 1926 330 suut.
1984 288 2047 330 Sic
2081 290 2119 329 in
2149 289 2340 343 Olympiis
2367 295 2530 336 maxime
2557 301 2598 337 et

223 359 357 412 primis
386 356 539 407 Pythiis
567 356 656 395 libri
684 367 759 405 quo
788 355 1020 395 recentiores
1049 362 1139 395 sunt
1167 367 1212 395 eo
1242 356 1396 406 saepius
1423 356 1570 406 epicam
1608 355 1769 395 formam
1794 370 1858 406 μιν
1887 356 2084 406 praebent.
2142 356 2268 408 Atque
2305 360 2515 402 rectissime
2542 363 2595 402 M.

223 427 296 465 1100
325 424 565 470 observavit,
600 422 705 471 quod
734 422 785 461 ad
813 433 942 461 omnes
972 433 1035 461 res
1064 422 1283 461 dialecticas
1311 422 1479 473 pertinet
1515 423 1824 467 „vetustissimos
1860 422 1985 463 fontes
2018 423 2220 473 plurimum
2249 425 2401 465 dialecti
2428 440 2596 477 servare,

224 491 292 532 sed
319 503 366 531 ne
400 502 467 530 eos
495 488 647 539 quidem
675 491 911 536 constanter,
953 489 1077 539 magis
1106 489 1306 539 magisque
1345 489 1577 538 subrepente
1615 489 1869 528 communium
1903 489 2109 527 formarum
2144 493 2238 529 usu“
2258 493 2302 539 ι).
2361 493 2421 531 Ne
2448 495 2597 535 mireris

221 560 348 609 igitur,
378 556 481 606 quod
508 556 623 595 etiam
651 568 761 603 nunc,
791 559 996 605 postquam
1015 555 1147 605 optimi
1168 555 1319 595 codices
1346 555 1499 595 excussi
1527 558 1625 603 sunt,
1654 559 1733 595 tam
1762 556 1883 595 multa
1912 555 2027 595 dubia
2047 556 2232 595 fluctuant
2242 555 2286 605 ²).
2330 559 2440 599 Licet
2469 566 2596 602 autem

223 636 357 665 verum
385 623 454 672 sit,
490 621 592 674 quod
620 622 919 663 Hermaunus
948 624 987 662 et
1015 621 1077 662 Bo
1088 621 1288 664 eckhius
1324 632 1431 662 suam
1460 624 1619 673 uterque
1647 623 1687 661 in
1723 623 1927 674 generibus
1956 623 2164 661 carminum
2194 624 2480 665 Pindaricorum
2508 641 2596 668 con-

223 689 426 732 stituendis
456 689 640 729 rationem
669 691 825 729 secutus
853 688 956 728 haud
981 689 1161 729 mediocri
1189 688 1401 730 subtilitate
1430 692 1469 727 et
1497 690 1694 740 diligentia
1722 690 1984 728 demonstrare
2012 691 2255 738 studuerunt,
2290 694 2499 733 Pindarum
2526 709 2598 747 pro

223 757 324 797 modi
352 757 576 807 numerique
605 756 793 795 varietate
821 756 945 805 ipsius
972 757 1158 795 sermonis
1186 757 1388 794 dialectum
1417 756 1607 803 variasse,
1646 761 1773 794 tamen
1808 769 1900 795 suos
1928 756 2023 796 haec
2048 757 2202 797 licentia
2225 758 2319 800 fines
2347 766 2387 801 et
2415 765 2597 805 terminos

224 824 337 878 quasi
365 824 494 864 habet.
551 824 670 864 Immo
698 834 947 874 permagnam
985 823 1100 874 hujus
1139 821 1420 873 discrepantiae
1451 821 1671 863 dialecticae
1698 825 1849 873 partem
1882 822 2049 863 librariis
2083 824 2144 864 vel
2173 824 2316 867 criticis
2347 827 2477 870 deberi
2504 831 2597 872 milii

223 893 555 944 persuasissimum
579 894 656 931 est:
687 894 875 930 vexarunt
901 892 967 939 illi,
996 891 1142 941 opinor,
1171 890 1264 929 talia
1291 890 1465 937 maxime,
1494 889 1635 940 quibus
1663 893 1823 931 metrum
1850 903 1926 931 non
1953 891 2186 932 turbaretur.
2242 894 2323 935 Nec
2351 898 2492 938 temere
2520 900 2597 940 alia

224 973 325 1010 quae
352 959 428 999 huc
456 958 650 1008 pertinent
682 959 763 1007 jam
789 959 879 1006 Βο.,
909 958 984 997 alia
1012 969 1135 1008 aeque
1162 956 1419 998 inconstantia
1447 969 1548 998 1111110
1575 957 1627 997 Μ.
1656 958 1809 1008 optimis
1836 958 1945 998 libris
1975 958 2138 999 ducibus
2166 961 2337 1001 sustulit:
2365 975 2596 1016 quamquam

222 1027 262 1065 in
287 1026 348 1066 his
377 1024 491 1065 rebus
520 1024 631 1064 nimis
659 1024 836 1075 religiose
864 1024 982 1064 libros
1011 1024 1131 1064 secuti
1160 1027 1261 1064 sunt.
1301 1024 1394 1064 Jure
1420 1027 1545 1064 autem
1574 1025 1625 1063 M.
1655 1025 1796 1075 ubique
1825 1024 2043 1076 θεόδμητος
2071 1027 2249 1076 restituit,
2278 1030 2350 1068 etsi
2377 1031 2463 1070 libri
2482 1045 2597 1074 manu

220 1091 354 1143 scripti
393 1091 538 1131 formae
573 1089 793 1143 θεόδματος
828 1090 952 1141 magis
992 1089 1126 1130 favere
1167 1090 1344 1130 videntur
1358 1089 1403 1142 ³).
1463 1090 1590 1129 Tanto
1628 1091 1751 1141 magis
1790 1092 2002 1130 mirandum
2037 1095 2116 1140 est,
2160 1094 2282 1143 quod,
2323 1107 2437 1144 quum
2472 1101 2593 1150 μῆλον

220 1159 285 1211 (O.
308 1158 381 1198 VII
403 1161 453 1199 66
476 1161 581 1208 (63).
614 1160 664 1198 84
687 1156 792 1210 (80).
823 1159 867 1196 Ρ.
889 1158 944 1196 IX
965 1161 1030 1197 64.
1055 1158 1110 1196 IV
1137 1160 1244 1206 148),
1276 1155 1493 1211 μηλοβότας
1520 1158 1568 1206 (Ι.
1589 1159 1608 1195 I
1629 1161 1679 1194 42
1702 1158 1844 1207 [48]),
1880 1156 2094 1210 μηλόβοτος
2116 1160 2180 1208 (Ρ.
2200 1161 2275 1198 XII
2296 1164 2357 1210 2),
2383 1165 2594 1213 μηλοδόκος

220 1227 283 1276 (Ρ.
303 1226 362 1264 111
383 1224 466 1278 27),
495 1223 658 1276 εὔμηλος
680 1225 746 1273 (O.
770 1226 823 1262 VI
848 1227 955 1273 100),
981 1226 1107 1273 ipsum
1134 1224 1354 1274 πολύμηλος
1383 1224 1447 1275 (P.
1468 1224 1524 1261 IX
1545 1224 1588 1275 6)
1618 1237 1763 1261 summo
1792 1225 1918 1262 omnia
1946 1225 2116 1264 codicum
2145 1240 2333 1267 consensu
2360 1231 2530 1271 nitantur
2542 1235 2592 1282 ⁴),

218 1304 292 1332 uno
321 1295 449 1331 tamen
476 1293 560 1331 loco
580 1291 646 1340 (Ο.
668 1292 689 1333 Ι
714 1294 781 1339 12)
800 1290 1010 1341 πολυμάλῳ
1031 1291 1181 1328 Editori
1200 1290 1419 1329 mutandum
1446 1303 1521 1328 non
1542 1289 1664 1328 visum
1692 1293 1763 1329 est.
1808 1289 1938 1330 Satius
1967 1290 2133 1332 fortasse
2151 1291 2286 1333 habuit
2304 1294 2594 1339 Ambrosianum

219 1361 342 1410 sequi.
399 1361 452 1398 At
481 1360 521 1398 in
548 1360 621 1398 1100
649 1360 792 1409 optimo
821 1360 920 1398 libro
948 1360 1081 1397 literas
1108 1372 1132 1397 a
1159 1362 1198 1397 et
1225 1374 1247 1409 η
1277 1358 1433 1407 saepius
1461 1357 1561 1397 inter
1589 1370 1631 1397 se
1658 1359 1897 1406 permutatas
1921 1370 2006 1399 esse
2033 1358 2227 1400 videmus:
2256 1373 2381 1412 neque
2408 1363 2593 1408 immerito

217 1429 269 1466 M.
293 1428 333 1466 in
362 1428 477 1466 rebus
506 1426 715 1466 dialecticis
743 1426 928 1465 Vaticano
956 1425 1054 1464 libro
1083 1426 1153 1473 (B)
1184 1425 1245 1464 vel
1274 1426 1400 1475 ipsum
1428 1424 1720 1464 Ambrosianum
1749 1424 1961 1474 sequiorem
1997 1437 2082 1466 esse
2118 1426 2327 1477 profitetur.
2385 1430 2593 1476 Vaticanus

218 1497 346 1535 autem
373 1494 521 1534 initium
549 1493 666 1544 hujus
694 1492 872 1533 carminis
900 1505 976 1532 nou
1004 1492 1184 1533 continet.
1242 1492 1451 1532 Praeterea
1478 1503 1570 1532 sane
1602 1490 1805 1530 verendum
1832 1490 1922 1539 fuit,
1956 1503 2004 1530 ne
2033 1493 2121 1543 quis
2149 1492 2369 1545 πολύμαλον
2397 1509 2593 1548 pomosam

220 1562 371 1602 audiret
383 1562 432 1610 5).
474 1562 593 1599 Recte
620 1560 781 1610 denique
811 1559 1239 1599 Schneidewinus:
1273 1559 1506 1608 „Dorienses
1533 1574 1554 1610 η
1584 1559 1623 1597 111
1652 1559 1873 1609 compositis
1903 1562 1975 1607 (sc.
2006 1573 2029 1598 a
2055 1562 2175 1611 μῆλον
2204 1562 2395 1618 formatis)
2415 1578 2593 1607 servasse

217 1628 329 1667 docet
348 1639 484 1666 nomen
504 1626 691 1666 Corinthii
712 1623 927 1677 Εὔμηλος.“
973 1626 1061 1666 Νο11
1079 1627 1202 1676 magis
1229 1626 1390 1666 ferenda
1410 1626 1563 1664 videtur
1584 1626 1753 1665 varietas
1773 1637 1873 1675 quae
1892 1630 2087 1676 comparet
2106 1628 2146 1666 in
2169 1625 2313 1668 ’ἰθάνα
2332 1633 2371 1669 01
2390 1631 2592 1684 Αθήναια.

219 1695 460 1735 Evincuntur
486 1694 715 1734 auctoritate
742 1693 927 1734 librorum
953 1693 1070 1734 haec:
1101 1692 1292 1741 δέκεσθαι,
1319 1691 1495 1732 νίσεσθαι
1524 1689 1845 1744 (ποτινιῗιτεσθαι),
1874 1690 1984 1732 κνίσα
2013 1683 2232 1746 (κ’νισάεις),
2260 1694 2444 1748 γίνεσθαι,
2469 1698 2593 1748 ἐσλός,

220 1759 471 1814 Συράκοσσαι
490 1760 554 1800 ubi
572 1760 808 1811 paenultima
827 1761 978 1811 syllaba
1007 1761 1121 1811 longa
1142 1772 1240 1811 opus
1260 1763 1330 1809 est,
1358 1758 1504 1812 γαρύεν,
1533 1757 1691 1812 πορεύεν
1712 1756 1837 1811 (lust),
1867 1758 1979 1810 φάτις
2000 1761 2044 1808 (1.
2065 1774 2098 1800 0.
2120 1760 2277 1812 φάτιας)
2291 1766 2339 1812 ⁶),
2367 1765 2415 1805 wi
2436 1768 2511 1817 (z
2524 1766 2594 1822 τί),

220 1827 408 1881 ἐφίλησεν,
438 1828 526 1867 alia.

353 1895 501 1935 Deinde
520 1895 721 1946 permultis
742 1895 846 1943 locis,
875 1895 942 1945 qui
961 1894 1086 1934 adhuc
1107 1894 1334 1945 corruptelis
1354 1893 1590 1942 laborabant,
1620 1894 1766 1944 optima
1785 1906 1884 1934 1111110
1904 1895 2064 1945 contigit
2089 1896 2205 1944 salus,
2234 1897 2319 1937 aliis
2340 1900 2594 1952 conjecturae,

222 1963 271 2002 ad
302 1963 396 2001 vitia
435 1962 607 2002 sananda
645 1963 754 2012 ipsae
790 1961 1029 2012 propositae,
1068 1961 1209 2011 insigni
1241 1962 1321 2009 jam
1349 1962 1576 2001 auctoritate
1605 1960 1848 2001 confirmatae
1885 1966 1984 2001 sunt.
2042 1963 2169 2012 Atque
2198 1964 2238 2002 in
2273 1966 2365 2005 solis
2394 1966 2595 2019 Olympiis,

223 2030 360 2078 quibus
379 2042 472 2080 prae
492 2030 630 2068 ceteris
654 2029 885 2068 carminibus
906 2029 1064 2078 egregia
1091 2029 1142 2066 M.
1165 2028 1337 2067 subsidia
1356 2028 1488 2068 critica
1508 2028 1756 2077 comparavit,
1785 2028 1818 2067 si
1839 2032 1942 2067 recte
1968 2029 2174 2077 numeravi,
2203 2034 2355 2070 centum
2374 2035 2412 2072 et
2431 2038 2598 2084 quatuor

222 2096 403 2135 lectiones
432 2100 609 2146 receptae
638 2099 736 2144 sunt,
767 2107 928 2145 quarum
956 2096 1070 2145 longe
1097 2095 1302 2134 maximam
1328 2098 1478 2144 partem
1506 2094 1627 2134 codex
1656 2093 1942 2143 Ambrosianus,
1972 2094 2132 2146 triginta
2158 2096 2323 2148 quinque
2346 2101 2597 2149 praestantis-

226 2163 345 2202 simus
374 2163 436 2202 hic
469 2163 566 2201 liber
595 2163 701 2203 solus
731 2162 898 2202 exhibet.
956 2161 1134 2212 Optimae
1162 2164 1291 2201 autem
1319 2174 1365 2202 ac
1399 2160 1636 2201 certissimae
1668 2160 1849 2201 lectiones
1884 2161 1922 2200 in
1951 2159 2142 2212 Olympiis
2178 2162 2251 2203 hae
2287 2177 2373 2206 esse
2412 2166 2604 2209 videntur.

228 2228 274 2270 O.
312 2230 331 2268 1
367 2231 417 2269 28
455 2227 579 2280 φάτις.
638 2231 688 2269 80
727 2230 956 2281 μναστῆρας.
1017 2230 1067 2269 82
1107 2225 1166 2268 τά.
1225 2230 1275 2269 86
1315 2225 1496 2280 ἐφάψατο
1535 2224 1649 2267 ἔπεσι.
1709 2229 1759 2268 89
1795 2224 1821 2266 ἃ
1849 2248 1905 2255 -
1931 2227 2134 2279 μεμαότας.
2190 2231 2229 2270 Π
2269 2235 2317 2272 55
2356 2230 2603 2285 ἐτυμώτατον.

227 2298 278 2335 63
308 2294 488 2336 δέκονται.
547 2299 598 2337 93
628 2310 667 2347 γε
695 2293 819 2335 ε’τέων.
873 2298 923 2335 95
953 2293 1080 2348 ἐπέβα.
1137 2295 1196 2334 ΙΙΙ
1231 2298 1276 2333 10
1307 2292 1454 2333 νίσοντ’.
1513 2296 1564 2334 25
1595 2292 1754 2346 πορεύεν
1791 2316 1830 2322 —-
1867 2292 1987 2346 ὥρμα.
2038 2298 2087 2335 32
2117 2295 2319 2350 θάμβαινε.
2371 2304 2421 2340 34
2451 2299 2602 2341 vrb-emi,

228 2364 278 2403 43
308 2363 374 2401 νῦν
410 2360 462 2402 δέ.
489 2362 544 2402 IV
575 2364 623 2402 27
655 2360 815 2413 θαμάκι.
874 2362 909 2399 V
946 2364 968 2400 5
1005 2359 1199 2413 ἐγεραιρεν.
1264 2362 1311 2401 14
1348 2357 1408 2399 ὑπ’
1447 2358 1669 2412 ἀμαχανίας.
1731 2361 1785 2400 VI
1822 2363 1872 2400 28
1913 2360 2079 2414 σάμερον
2110 2362 2200 2414 (0111.
2238 2362 2265 2416 γ’
2303 2377 2335 2406 s.
2370 2365 2429 2416 μ’)
2464 2366 2601 2407 ελθεῖν.

229 2430 278 2467 40
314 2426 472 2480 λόχμαις
507 2426 582 2468 ὑπὸ
618 2426 801 2473 κυανέαις.
862 2431 911 2467 67
948 2424 1124 2480 ἅγνωτον.
1185 2430 1235 2467 99
1274 2425 1571 2477 ποτινισόμενον.
1630 2428 1703 2466 VII
1744 2431 1788 2466 51
1827 2430 1919 2477 (49)
1958 2427 2110 2466 κείνοισι
2143 2429 2220 2480 μέν.
2282 2436 2328 2470 71
2360 2436 2453 2482 (68)
2487 2433 2603 2486 μέρος

226 2515 280 2524 --
308 2493 533 2534 τελεύταθεν
589 2495 642 2537 84
682 2493 774 2548 (80)
813 2493 1028 2535 κνισάεσσα.
1087 2498 1137 2535 89
1179 2496 1271 2542 (85)
1310 2493 1518 2534 Βοιωτίων.
1583 2498 1634 2535 90
1675 2498 1768 2544 (86)
1806 2492 1946 2547 ἑτέρου.
2013 2496 2105 2535 VIII
2151 2501 2193 2536 11
2235 2495 2368 2539 ἕσπετ’.
2427 2504 2477 2541 85
2514 2500 2601 2555 ἔργα

226 2559 348 2601 θέλοι.
395 2563 451 2601 IX
486 2566 532 2603 16
563 2561 755 2617 ἀρεταῖσιν
783 2560 821 2603 ἔν
850 2578 899 2603 τε.
960 2564 1010 2603 29
1040 2559 1204 2615 ἐγένοντ’.
1240 2557 1319 2601 ἐπεὶ
1348 2559 1474 2600 ἀντίον
1513 2565 1563 2601 34
1592 2559 1641 2607 ἐς.
1701 2564 1752 2601 83
1783 2559 1919 2601 ἔσποιτ’
1953 2560 2034 2602 αιἐί.
2072 2561 2184 2617 ξενίᾳ.
2235 2568 2284 2606 89
2315 2562 2395 2606 οἷον
2424 2566 2516 2621 (0111.
2545 2566 2600 2618 δ’)

227 2628 275 2669 ἐν.
339 2632 412 2668 102
442 2627 621 2682 ἀρέσθαι.
678 2631 715 2669 Χ
743 2632 824 2680 (11)
857 2633 907 2670 25
941 2631 1080 2682 βωμῶν
1114 2627 1323 2681 ἑξάριθμον
1356 2626 1563 2668 ἐκτίσσατο.
1624 2632 1673 2668 72
1711 2626 1750 2669 δὲ
1787 2628 1937 2676 Νικεύς.
1995 2631 2050 2671 ΧῙ
2088 2634 2151 2681 (x)
2183 2636 2205 2673 5
2244 2631 2352 2687 ἀρχά.
2415 2639 2461 2675 10
2496 2634 2600 2687 ὁμῶς

228 2692 290 2735 ὦν.
336 2699 382 2736 19
411 2709 460 2735 τε.
499 2697 574 2736 XII
608 2700 656 2737 16
685 2695 715 2736 σ’
721 2694 872 2748 ἄμερσε.
912 2697 1008 2735 XIII
1036 2700 1059 2736 6
1087 2694 1290 2748 κασιγνήτα
1308 2718 1362 2724 -
1382 2693 1569 2748 ἀσφαλής.
1613 2700 1632 2735 7
1663 2693 1894 2749 ὁμότροφος.
1936 2698 2027 2737 XIV
2057 2702 2080 2738 6
2110 2698 2245 2751 γίνεται
2274 2700 2342 2750 (cf.
2371 2702 2416 2740 P.
2445 2702 2503 2742 111
2538 2705 2597 2742 12.

226 2763 281 2803 IV
311 2765 402 2804 273.
440 2762 488 2801 Χ.
510 2766 576 2803 22.
615 2764 664 2803 N.
689 2764 763 2803 VII
785 2767 848 2805 31.
888 2764 944 2802 IX
964 2767 1028 2804 49.
1069 2764 1098 2802 Ι.
1121 2764 1159 2802 11
1180 2766 1244 2804 33.
1284 2762 1342 2802 ΙΙΙ
1362 2765 1433 2813 86)
1450 2762 1497 2815 ⁷).
1542 2763 1719 2803 Proxime
1738 2764 1925 2804 accedunt
1954 2765 2026 2805 hae
2046 2777 2145 2815 quae
2164 2771 2376 2816 sequuntur
2402 2769 2598 2811 lectiones.

367 2917 391 2961 ¹)
415 2915 469 2951 Ct'.
491 2914 623 2951 Annot.
648 2916 729 2952 crit.
753 2915 798 2952 ad
822 2916 862 2953 Ο.
888 2915 958 2951 VII
982 2918 1035 2951 25.
1060 2936 1103 2941 -
1126 2915 1205 2951 Sch.
1231 2916 1349 2953 Germ.
1374 2926 1407 2961 p.
1434 2915 1562 2950 XXIV.

363 2972 391 3017 ²)
416 2971 469 3006 Cf.
492 2971 554 3006 Βὸ.
576 2971 619 3007 de
641 2975 744 3007 metr.
768 2972 872 3008 Pind.
895 2973 919 3007 l.
945 2972 1003 3007 III
1025 2982 1099 3016 cap.
1124 2971 1260 3006 XVIII.
1285 2992 1328 2997 —
1351 2971 1430 3007 Sch.
1455 2971 1572 3007 Germ.
1597 2983 1631 3017 p.
1657 2971 1761 3007 XXII
1784 2983 1836 3017 sq.
1862 2993 1903 2997 -
1926 2973 1973 3007 M.
1997 2976 2116 3007 annot.
2141 2974 2219 3007 crit.
2242 2973 2287 3007 ad
2310 2974 2351 3008 0.
2368 2974 2461 3009 XIII
2486 2979 2514 3009 7.
2541 2979 2601 3011 65.

364 3029 392 3073 ³)
416 3027 469 3063 Cf.
487 3027 535 3061 M.
562 3029 682 3062 annot.
707 3028 787 3063 crit.
804 3028 850 3064 ad
865 3028 906 3063 Ο.
924 3027 982 3062 ΠΙ
1000 3031 1029 3061 7.
1062 3027 1166 3061 Haud
1187 3026 1292 3062 dubie
1313 3038 1335 3062 a
1357 3027 1461 3062 verbo
1485 3027 1606 3071 δεξιωιν
1627 3026 1839 3072 adjectivum
1865 3026 2063 3072 θεόὸμητος
2085 3028 2271 3063 formatum
2294 3030 2360 3064 est.
2379 3050 2421 3055 —-
2438 3030 2603 3068 Pertinet

228 3087 296 3122 huc
319 3085 428 3120 etiam
449 3082 621 3127 ἐύδμητος
643 3083 696 3127 (Ρ.
722 3083 795 3118 XII
819 3086 864 3128 3).

363 3141 392 3185 ⁴)
416 3138 517 3176 Solus
540 3137 794 3174 Ambrosianus
819 3138 859 3174 Ο.
887 3139 957 3173 VH
980 3141 1023 3174 84
1043 3137 1182 3183 μάλων.

366 3198 392 3241 ⁵)
416 3195 471 3231 Cf.
495 3195 598 3239 frgm.
626 3196 704 3230 121:
728 3193 856 3239 μάλων
874 3199 1018 3242 χρυσῶν
1039 3194 1164 3242 φύλαξ.

363 3253 390 3297 ⁸)
414 3250 494 3285 Vid.
508 3251 644 3285 Buttm.
661 3260 715 3295 gr.
732 3261 786 3295 gr.
803 3252 884 3296 maj.
902 3250 955 3286 ed.
969 3250 1018 3288 H.
1033 3262 1067 3295 p.
1085 3253 1157 3286 186.
1175 3250 1278 3286 Anm.
1292 3252 1324 3285 2.
1348 3249 1508 3285 Conferri
1523 3253 1672 3295 possunt
1683 3251 1768 3286 haec
1779 3250 1951 3286 Hesiodea
1964 3250 2178 3297 (ὠκύποδας)
2190 3251 2307 3300 λαγός,
2320 3257 2445 3302 nonique
2457 3254 2601 3291 similia.

364 3308 391 3352 ')
415 3306 466 3344 Ex
488 3305 806 3353 praestantissimis
831 3306 889 3343 his
911 3307 1123 3343 lectionibus
1146 3306 1386 3343 Boeckhius
1408 3305 1634 3352 conjectando
1655 3317 1730 3356 sex,
1753 3305 1968 3351 Bergkius
1992 3306 2154 3343 undecim
2176 3310 2358 3345 assecutus
2381 3311 2467 3345 erat.
