2864 3499
1284 94 1578 141 -9-

232 230 448 273 accuratius
477 228 760 280 explanandum
787 238 812 265 a
840 225 1049 266 scholiasta
1077 226 1249 266 additum
1278 229 1351 266 est.
1408 226 1597 265 Nimirum
1627 226 1683 265 sic
1712 224 1835 265 locum
1863 226 2051 266 intellexit
2078 231 2191 266 vetus
2219 229 2430 279 interpres:
2466 229 2543 277 „Ut
2570 232 2626 277 tu,

232 298 477 350 Agesidame,
507 297 580 335 deo
603 296 770 347 juvante
799 293 962 333 victoria
988 294 1215 343 praeclarus
1243 293 1372 333 factus
1401 305 1464 342 es,
1508 294 1563 332 ita
1591 305 1664 344 ego
1692 304 1846 343 quoque
1879 297 1997 343 poeta
2030 294 2092 332 dei
2126 305 2199 344 ope
2229 295 2395 346 sapienti
2423 296 2540 336 floreo
2569 297 2625 337 in—

231 366 358 417 genio,
394 368 437 403 ut
465 365 635 413 utique
664 360 821 411 egregie
851 372 1002 410 semper
1030 372 1168 400 canere
1194 360 1379 411 possim.“
1450 359 1564 407 Quod
1592 371 1707 409 quam
1741 363 1845 400 recte
1874 362 2038 400 senserit
2066 362 2142 409 ille,
2176 374 2276 402 nunc
2302 375 2488 412 quaerere
2516 365 2624 404 nolo:

232 435 336 471 certe
356 432 470 482 longe
496 428 603 469 aliud
629 427 735 477 legit,
763 439 878 476 quam
907 427 1013 476 quod
1038 426 1313 477 Moschopulus
1341 426 1599 467 desiderabat.
1657 427 1730 466 Est
1756 427 1877 478 igitur
1904 425 2017 474 ε’σαεί,
2047 427 2150 477 quod
2179 430 2407 469 vocabulum
2432 444 2624 481 nunquam

232 498 272 538 in
304 498 411 537 libris
439 496 513 535 fuit
541 505 668 543 neque
701 493 854 532 omnino
882 491 1173 546 Pindaricum¹)
1208 496 1268 533 est
1295 494 1372 533 Mo.
1405 497 1583 532 monente
1614 504 1662 531 ex
1696 494 1770 532 hoc
1809 505 1927 532 versu
1956 495 2237 534 eliminandum.
2310 497 2366 536 Ac
2395 511 2443 536 ne
2472 511 2623 538 carmen

230 565 358 617 majus
382 563 428 604 Ο.
450 563 487 602 Χ
516 562 604 612 (Βό.
634 559 709 614 XI)
738 561 801 600 hic
829 572 853 599 a
872 560 1042 599 Pindaro
1070 560 1299 610 promissum
1330 572 1418 600 sero
1446 560 1596 599 demum
1625 561 1674 599 ad
1693 560 1966 612 Agesidamum
1994 562 2152 602 missum
2180 575 2267 603 esse
2295 568 2483 614 reputans
2509 579 2626 618 prop-

230 637 339 672 terea
358 629 467 671 ἐσαεί
481 630 580 669 bene
599 629 774 668 additum
793 632 978 677 autumes,
1007 628 1103 677 quid
1131 632 1221 677 post
1248 629 1375 678 ipsam
1402 628 1532 667 statim
1556 628 1756 667 victoriam
1784 630 1938 677 partam
1962 629 2128 678 ineptius
2152 633 2269 680 poeta
2287 631 2416 672 dicere
2435 634 2626 683 potuisset

231 712 347 749 quam
367 698 459 738 hoc:
491 707 644 737 carmen
667 696 738 734 tibi
768 695 916 734 mittam
943 695 983 733 in
1012 695 1280 735 celebrandam
1309 696 1472 746 gloriam
1503 696 1617 734 istius
1645 696 1849 742 victoriae;
1879 696 2029 735 etiamsi
2058 709 2145 736 sero
2174 698 2352 747 accipies,
2381 700 2461 738 noli
2490 701 2626 752 despe-

230 778 338 805 rare:
368 764 481 802 fidem
510 762 687 809 servabo,
717 762 807 810 quia
836 773 988 810 semper
1015 765 1164 811 potero.
1223 762 1355 810 Vides,
1384 762 1532 812 opinor,
1563 774 1676 811 quam
1702 774 1907 812 perperam
1936 763 2066 802 dicant
2095 764 2188 802 illud
2216 762 2324 803 ἐσαεί
2343 766 2441 806 bene
2470 768 2624 817 quidem

231 846 255 870 a
281 831 531 880 Moschopulo
559 828 731 867 additum
760 841 859 868 esse.
888 850 944 857 -—
972 828 1058 868 Jam
1087 828 1180 877 quid
1207 828 1254 867 de
1283 840 1331 868 ea
1358 828 1520 869 lectione
1549 828 1791 869 statuendum
1819 829 1983 878 videtur,
2029 841 2143 879 quam
2172 831 2224 868 M.
2253 843 2325 881 pro
2356 834 2490 873 vocula
2518 840 2624 875 recte

231 898 426 938 eliminata
444 908 492 935 ex
512 894 592 936 suis
620 894 816 936 codicibus
844 894 1071 938 substituit?
1128 895 1219 946 Ipse
1245 894 1397 945 quidem
1426 906 1543 945 quam
1570 898 1714 934 certam
1742 896 2046 933 emendationem
2073 908 2181 934 suam
2210 897 2327 936 ducat
2356 901 2451 939 satis
2480 903 2624 942 indicat

231 978 350 1016 quum
373 964 445 1004 hoc
468 962 562 1003 facit
584 965 736 1002 votum:
766 963 889 1012 „Tam
911 965 1089 1013 paratum
1112 962 1294 1002 auxilium
1321 962 1467 1002 utinam
1495 963 1580 1001 aliis
1608 964 1647 1000 in
1676 964 1769 1003 locis
1798 964 2063 1002 haberemus.“
2121 964 2208 1002 Vid.
2230 964 2320 1003 Sch.
2340 965 2469 1006 Germ.
2493 982 2532 1018 p.
2554 971 2621 1009 IV.

231 1032 281 1073 cf.
311 1031 424 1082 epist.
454 1030 503 1070 ad
531 1029 794 1079 Friederichs,
833 1041 872 1080 p.
905 1032 1082 1068 22—24.
1157 1030 1230 1068 Sed
1266 1030 1513 1069 adversarius
1551 1031 1701 1068 exstitit
1728 1031 1971 1070 Ernestus
2007 1030 2061 1070 de
2088 1031 2296 1071 Leutsch
2339 1034 2482 1081 (Nunc.
2514 1039 2622 1076 erud.

232 1099 334 1139 Gott.
356 1111 391 1137 a.
419 1100 536 1136 1861.
570 1101 633 1145 39,
663 1109 702 1147 p.
740 1100 876 1145 1548),
906 1096 1015 1146 cujus
1039 1097 1228 1146 judicium
1255 1109 1351 1147 prae
1380 1097 1522 1136 ceteris
1550 1097 1590 1135 in
1618 1097 1679 1136 his
1708 1098 1822 1143 rebus
1851 1098 1981 1147 magni
2011 1097 2228 1138 faciendum
2255 1103 2327 1138 est.
2374 1100 2431 1141 Ac
2459 1104 2621 1153 primum

231 1167 321 1206 licet
340 1164 548 1204 scholiasta
567 1166 679 1202 vetus
708 1161 816 1202 ἐσαεί
837 1176 914 1202 non
942 1166 1108 1211 tueatur,
1141 1166 1269 1203 tamen
1298 1163 1401 1213 quod
1428 1164 1480 1202 M.
1510 1163 1614 1202 dicat
1639 1163 1744 1202 illum
1771 1177 1819 1203 ne
1852 1157 2068 1214 asyndeton
2098 1165 2250 1214 quidem
2281 1167 2404 1206 videri
2432 1169 2621 1221 habuisse,

230 1233 269 1271 id
297 1232 395 1270 falso
426 1231 720 1280 pronunciatum
749 1242 835 1270 esse
863 1231 947 1269 vult
974 1231 1030 1270 sic
1059 1230 1254 1270 scribens:
1284 1231 1389 1279 „Der
1409 1229 1501 1269 Satz
1529 1231 1598 1269 mit
1625 1228 1768 1281 ὁμοίως
1795 1228 1924 1282 ὥσπερ
1953 1232 2031 1269 κτλ.
2064 1232 2119 1279 (v.
2151 1231 2232 1271 sch.
2262 1245 2302 1283 p.
2335 1237 2377 1285 8)
2408 1235 2458 1274 ist
2481 1237 2525 1286 ja
2550 1250 2621 1278 aus

231 1298 315 1337 dem
345 1295 699 1347 Vorhergehenden
729 1308 954 1346 genommen
983 1296 1061 1334 und
1088 1296 1194 1334 dient
1221 1297 1329 1344 dazu,
1368 1297 1440 1335 das
1469 1296 1710 1335 Verhaltniss
1740 1297 1931 1336 zwischen
1960 1298 2047 1335 dem
2075 1298 2237 1337 Dichter
2266 1300 2346 1338 und
2374 1301 2459 1340 dem
2488 1302 2621 1354 Sieger

230 1364 317 1402 klar
345 1375 392 1402 zu
419 1362 600 1401 macheu:
645 1360 691 1413 δὴ
712 1359 822 1410 mist)
852 1363 1097 1413 gebrauchen
1128 1363 1189 1400 die
1215 1362 1454 1401 Scholiasten
1488 1363 1583 1402 aber
1616 1363 1759 1413 gerade
1789 1363 1852 1401 bei
1879 1363 2105 1414 Erklarung
2131 1365 2236 1404 eines
2265 1366 2516 1415 Asyndetons
2545 1371 2622 1410 und

231 1430 388 1469 beweist
408 1429 514 1468 diese
533 1428 954 1479 Partikelverbindung
981 1428 1052 1468 auf
1071 1428 1141 1469 das
1171 1429 1461 1478 bestimmteste,
1491 1429 1584 1469 dass
1613 1429 1683 1468 der
1703 1429 1895 1469 Scholiast
1923 1430 1962 1468 in
1992 1430 2134 1469 seinem
2155 1432 2281 1470 Texte
2304 1432 2375 1472 das
2395 1434 2621 1484 Asyndeton

230 1495 494 1545 vorgefunden
523 1494 643 1534 habe:
674 1497 797 1547 vergl.
828 1509 861 1534 z.
882 1496 927 1534 B.
949 1495 1089 1536 Scholl.
1120 1495 1170 1535 ad
1197 1495 1309 1535 Pind.
1340 1494 1401 1535 01.
1422 1496 1477 1535 VI
1511 1498 1600 1535 163.
1659 1496 1753 1535 Also
1781 1495 1843 1534 die
1863 1495 2095 1547 Grundiage,
2124 1509 2199 1536 von
2229 1499 2297 1536 der
2321 1500 2391 1537 Hr.
2413 1501 2623 1542 Mommsen

231 1563 404 1613 ausgeht,
434 1563 486 1603 ist
512 1563 704 1604 morsch.“
771 1563 824 1602 Ut
854 1562 1060 1604 concedam
1096 1565 1266 1602 veterem
1300 1565 1550 1614 interpretem
1593 1563 1632 1600 id
1670 1563 1772 1612 quod
1800 1575 1871 1611 per
1898 1562 2042 1613 ὁμοίως
2071 1562 2198 1615 ὥσπερ
2227 1566 2397 1614 explicat
2426 1569 2475 1606 ad
2504 1571 2624 1608 verba

230 1629 503 1678 praecedentia
531 1630 717 1677 retulisse,
761 1630 816 1669 ita
843 1632 887 1668 ut
914 1633 1004 1669 ante
1033 1627 1117 1668 ἴσθι
1147 1631 1364 1680 asyndeton
1393 1634 1591 1677 statueret,
1635 1632 1763 1667 tamen
1790 1642 1882 1668 num
1912 1634 2017 1669 recte
2045 1631 2108 1668 ille
2136 1632 2192 1669 ita
2220 1632 2463 1682 distinxerit,
2509 1637 2621 1676 etiam

230 1698 443 1744 quaeritur3
486 1696 523 1734 id
553 1709 647 1735 vero
676 1695 878 1735 manifesto
907 1700 1074 1745 apparet
1101 1697 1427 1736 scholiastam
1457 1708 1512 1735 eo
1541 1697 1665 1744 loco,
1695 1708 1787 1745 quo
1811 1696 1963 1735 adhuc
1991 1695 2131 1735 ἐσαεί
2155 1702 2275 1745 erat,
2307 1701 2622 1749 particulam

230 1762 538 1812 comparandi
567 1762 613 1802 in
646 1762 769 1802 libro
798 1774 882 1802 suo
911 1761 1141 1801 habuisse
1171 1762 1255 1802 sive
1282 1774 1366 1802 cum
1394 1762 1662 1801 Leutschio
1691 1762 1739 1800 de
1768 1761 1911 1813 ὁμοίως
1941 1763 2147 1812 eogitas³)‚
2176 1776 2410 1813 quamquam
2430 1768 2526 1807 haee
2547 1783 2622 1808 vox

230 1843 305 1871 uno
335 1833 482 1870 tantum
512 1829 596 1871 loco
626 1830 690 1878 (P.
719 1830 775 1870 IX
807 1831 879 1879 78)
911 1829 1016 1880 apud
1044 1829 1253 1869 Pindarum
1283 1832 1422 1877 exstat,
1461 1830 1544 1868 sive
1578 1840 1662 1867 eam
1691 1829 1918 1879 particulam
1947 1830 2136 1878 praefers,
2176 1844 2255 1879 qua
2282 1836 2400 1880 poeta
2429 1835 2487 1873 uti
2517 1837 2624 1885 solet,

229 1898 314 1939 dieo
341 1895 447 1949 ὁμῶς
475 1895 541 1950 (Ο.
571 1897 666 1938 VIII
697 1900 761 1939 56.
790 1898 836 1936 P.
866 1897 959 1936 VIII
990 1900 1027 1936 6.
1060 1899 1124 1937 83.
1154 1897 1210 1936 IX
1239 1901 1305 1936 40.
1333 1897 1382 1935 N.
1412 1897 1431 1935 1
1462 1900 1512 1935 50
1545 1896 1599 1947 (?)
1631 1899 1695 1934 53.
1726 1897 1757 1934 Ι.
1786 1897 1845 1934 111
1875 1900 1912 1935 6.
1943 1896 1998 1935 VI
2029 1897 2139 1947 (VII)
2172 1901 2257 1947 42).
2322 1901 2408 1941 Jam
2439 1903 2471 1942 si
2501 1904 2621 1943 codex

229 1965 513 2006 vetustissimus
542 1965 634 2005 Par.
666 1964 718 2013 G,
762 1965 830 2015 qui
858 1964 895 2002 in
926 1964 1018 2003 solis
1048 1963 1241 2014 Olympiis
1268 1975 1353 2003 cum
1381 1964 1528 2002 duobus
1567 1964 1794 2012 aequalibus
1830 1964 1912 2002 suis
1941 1964 2203 2014 quadraginta
2232 1966 2314 2006 fere
2343 1968 2527 2010 lectiones
2555 1984 2621 2021 op-

229 2032 342 2073 timas
372 2033 538 2081 exhibet,
567 2032 721 2076 aliunde
746 2043 822 2070 non
849 2035 972 2078 notas,
1003 2044 1071 2070 sex
1099 2032 1162 2070 vel
1190 2035 1338 2080 septem
1368 2031 1483 2069 etiam
1512 2031 1551 2069 in
1575 2029 1711 2069 iisdem
1735 2029 1928 2080 Olympiis
1958 2032 2062 2071 locos
2090 2044 2190 2072 unus
2220 2033 2283 2073 ille
2312 2047 2388 2075 non
2417 2043 2621 2089 corruptos

229 2101 362 2147 habet3
392 2101 425 2139 si
444 2101 564 2151 igitur
583 2101 618 2139 is
647 2112 733 2138 cum
762 2099 912 2138 duobus
942 2101 1146 2148 praeterea
1173 2099 1282 2139 libris
1312 2098 1494 2148 perbonis
1522 2095 1640 2137 talem
1666 2096 1907 2148 particulam,
1938 2098 2065 2148 qualis
2094 2100 2314 2150 requiritur,
2344 2103 2467 2153 offert,
2496 2117 2620 2145 nonne

227 2169 389 2207 maxime
416 2168 459 2206 fit
486 2167 693 2206 verisimile
721 2179 807 2206 eam
837 2179 967 2205 veram
997 2166 1148 2213 esse?⁴)
1205 2165 1417 2206 Audiamus
1445 2165 1534 2205 alia.
1599 2165 1809 2205 Praeterea
1837 2166 1936 2204 enim
1965 2167 2255 2207 Leutschius
2284 2169 2379 2209 haec
2406 2175 2540 2211 contra
2567 2174 2618 2212 M.

229 2235 341 2274 dicit:
372 2232 480 2283 7,ἴσθι
502 2235 599 2274 wird
628 2248 704 2274 von
724 2233 869 2274 Pindar
896 2246 946 2273 an
974 2233 1036 2272 die
1065 2236 1168 2272 erste
1198 2232 1314 2271 Stelle
1345 2232 1450 2272 eines
1479 2231 1613 2271 Satzes
1642 2233 1797 2282 gestellt
1824 2233 1902 2270 und
1930 2233 1982 2271 ist
2009 2233 2130 2271 daher
2158 2236 2412 2288 regelmassig
2437 2240 2506 2277 mit
2534 2240 2619 2279 dem

228 2301 456 2351 Asyndeton
485 2302 749 2342 verbunden.“
804 2300 986 2341 Profecto
1014 2300 1108 2350 quid
1135 2300 1259 2351 magis
1287 2299 1376 2339 usui
1402 2299 1609 2339 Pindarico
1639 2299 1843 2338 convenire
1871 2302 2013 2349 potest,
2043 2312 2157 2349 quam
2184 2303 2217 2341 si
2247 2303 2375 2342 subito
2400 2305 2450 2343 ad
2478 2318 2618 2345 novum

228 2367 382 2416 aliquod
403 2366 620 2414 ἀσυνδέτως
639 2380 711 2418 per
734 2365 817 2406 ἴσθι
838 2368 1026 2407 transitus
1045 2366 1115 2404 fit?
1172 2367 1335 2405 Praeter
1354 2366 1532 2415 exempla
1560 2379 1585 2405 a
1603 2365 1859 2404 Leutschio
1889 2366 2008 2404 allata
2037 2367 2175 2406 similia
2201 2368 2298 2409 haec
2325 2375 2482 2419 praesto
2512 2378 2616 2411 sunt:

228 2433 261 2472 I.
281 2433 339 2473 ΙΙΙ
365 2437 412 2473 15
434 2439 474 2474 et
505 2438 570 2476 53.
628 2434 811 2474 Attamen
839 2434 937 2473 alias
965 2433 1136 2472 rationes
1165 2432 1314 2471 admitti
1343 2442 1418 2469 non
1447 2443 1564 2480 posse
1594 2432 1628 2470 si
1656 2431 1744 2480 quis
1773 2432 1990 2479 contendat,
2021 2433 2087 2471 vix
2116 2434 2272 2473 credere
2302 2435 2362 2475 fas
2391 2438 2453 2476 sit.
2501 2438 2617 2476 Immo

229 2513 347 2550 quum
377 2500 423 2539 Ο.
447 2501 502 2541 VI
534 2504 556 2541 8
588 2499 678 2540 ἴστω
707 2500 779 2554 γάρ
808 2502 978 2552 legatur,
1017 2500 1118 2538 idem
1147 2500 1178 2537 I.
1208 2499 1264 2536 VI
1292 2501 1342 2536 27
1374 2502 1570 2544 occurrat,
1616 2499 1660 2537 P.
1691 2499 1746 2537 IV
1782 2502 1855 2538 117
1886 2497 1985 2539 ἀλλὰ
2014 2498 2159 2539 τούτων
2186 2498 2253 2551 μὲν
2282 2501 2469 2554 κεφάλαια
2498 2502 2616 2557 λόγων

230 2564 305 2606 ἴστε
325 2568 580 2617 imperativus
609 2570 727 2620 igitur
757 2566 834 2607 ἴστε
863 2569 901 2607 in
930 2567 1005 2607 fine
1034 2567 1225 2606 enunciati
1253 2569 1475 2614 compareat
1505 2567 1543 2604 et
1572 2562 1674 2604 ἀλλά
1705 2566 1908 2606 enunciata
1935 2567 2155 2618 conjungat,
2186 2580 2255 2607 cur
2284 2569 2434 2609 tandem
2456 2569 2615 2610 sormam

365 2812 395 2855 ¹)
417 2810 537 2846 Etiam
560 2812 653 2857 apud
676 2814 867 2848 Homerum
892 2813 1026 2846 frustra
1049 2812 1140 2846 hanc
1162 2811 1320 2846 voculam
1344 2820 1501 2854 quaeras

362 2870 389 2913 ²)
412 2868 537 2901 Altera
560 2869 654 2902 enim
677 2880 766 2914 quae
791 2870 908 2903 exstat
929 2867 1155 2913 paraphrasis
1182 2869 1284 2902 vetus
1306 2866 1392 2901 haec
1416 2867 1488 2901 est:
1525 2865 1607 2901 ἴσθί
1634 2864 1679 2911 δὴ
1708 2862 1774 2901 οὖν
1796 2871 1856 2902 καὶ
1877 2872 2047 2915 γίνωσκε,
2077 2863 2107 2904 ὦ
2129 2867 2355 2916 Αγησίδαιιε,
2384 2867 2441 2905 ὅτι
2465 2873 2528 2915 τῆς
2550 2876 2618 2915 σῆς

226 2928 365 2972 πυγμῆς
386 2927 505 2959 ἕνεκεν
526 2924 593 2959 τὸν
615 2925 751 2971 κόσμον
773 2926 840 2961 τὸν
862 2924 923 2961 διὰ
947 2927 1013 2961 τοῦ
1036 2924 1216 2971 στεφάνου
1238 2921 1431 2967 κελαδήσω.
1457 2920 1550 2969 λέγει
1574 2920 1624 2964 δὲ,
1654 2923 1721 2957 τὸν
1741 2921 1858 2968 &prov
1881 2923 2074 2970 ἄναβοήσω
2098 2928 2160 2968 τῆς
2180 2923 2465 2971 καλλιστεφᾰνου
2485 2927 2616 2965 ἐλαίας

361 2981 388 3025 ³)
406 2979 495 3014 Cum
511 2979 748 3016 Leutschio
764 2981 904 3016 faciunt
920 2980 1170 3015 Boeckhius
1187 2981 1223 3014 et
1246 2978 1471 3023 Bergkius.
1505 2978 1548 3012 cf.
1566 2979 1614 3012 M.
1633 2979 1738 3023 epist.
1757 2979 1801 3014 ad
1818 2980 1971 3015 Frieder.
1996 2992 2029 3024 p.
2048 2983 2100 3015 23.
2142 2980 2322 3016 Dissentit
2338 2981 2378 3016 L.
2399 2982 2614 3019 Schmidt.

225 3035 268 3071 de
291 3035 395 3070 Pind.
421 3036 485 3069 vit.
511 3036 548 3068 et
571 3045 665 3079 poes.
692 3048 725 3080 p.
753 3039 807 3072 93.
833 3038 887 3072 94.

362 3092 391 3136 ⁴)
414 3091 505 3126 Nam
529 3090 621 3136 quod
643 3092 691 3126 M.
715 3091 811 3129 ὅμως
833 3092 871 3126 in
894 3091 990 3137 ὁμῶς
1011 3091 1182 3133 mutavit,
1218 3090 1309 3126 hanc
1337 3089 1569 3124 mutationem
1599 3090 1756 3124 omnium
1786 3091 1992 3126 facillimam
2021 3094 2057 3125 et
2089 3102 2195 3136 prope
2220 3092 2357 3126 nullam
2382 3103 2459 3128 esse
2482 3096 2544 3140 qui
2568 3097 2618 3130 rei

225 3149 310 3181 sunt
332 3147 442 3191 periti
464 3146 570 3192 probe
594 3147 723 3182 sciunt.
771 3149 814 3183 cf.
839 3149 885 3183 H.
911 3148 1094 3192 Sauppii
1123 3148 1226 3192 epist.
1260 3145 1373 3181 critic.
1404 3144 1447 3179 ad
1475 3145 1519 3180 G.
1544 3145 1665 3180 Herm.
1696 3157 1730 3190 p.
1757 3149 1796 3181 71
1825 3158 1899 3191 sqq.
1953 3147 2114 3181 Profecto
2137 3146 2222 3182 hinc
2252 3149 2310 3184 vel
2333 3150 2487 3186 maxima
2509 3162 2619 3186 novae

223 3201 370 3236 lectioni
392 3202 489 3247 ὁμῶς
513 3197 567 3236 οἶν
588 3203 827 3245 proficiscitur
850 3202 1123 3237 commendatio:
1156 3202 1323 3236 nimirum
1348 3211 1454 3245 quum
1483 3199 1579 3245 ὅμως
1601 3201 1636 3235 h.
1663 3200 1687 3235 1.
1713 3201 1872 3246 intelligi
1896 3202 2037 3236 omnino
2059 3206 2230 3247 nequeat,
2261 3204 2367 3248 plane
2388 3206 2503 3241 elucet
2526 3206 2617 3241 hanc

223 3266 342 3291 vocem
365 3267 435 3292 non
460 3268 482 3292 a
504 3256 649 3292 librario
670 3257 715 3291 ad
737 3258 899 3293 lacunam
924 3257 1127 3302 explendam
1157 3256 1389 3301 excogitatam
1422 3254 1482 3289 sed
1509 3255 1547 3289 in
1576 3255 1767 3300 archetypo
1798 3256 1978 3290 inventam
2003 3267 2090 3292 esse.
2144 3258 2277 3293 Vereor
2298 3260 2429 3304 igitur,
2461 3263 2503 3294 ut
2525 3265 2618 3295 recte

223 3310 266 3346 de
288 3312 384 3355 ὁμῶς
406 3306 460 3347 ὦν
484 3313 523 3348 1..
549 3312 746 3348 Schmidt
764 3313 979 3359 judicaverit
1001 3313 1025 3347 l.
1050 3323 1079 3347 c.
1104 3323 1137 3357 p.
1165 3314 1219 3346 93.
1243 3314 1298 3346 94.
