2864 3499
178 260 216 295 et
243 255 343 293 Med.
365 255 418 292 B:
449 253 496 292 Ο.
528 254 583 291 VI
614 256 664 291 27
690 275 744 281 -
764 255 953 293 transitus
984 255 1061 293 illic
1089 255 1132 293 fit
1161 257 1212 294 ad
1250 267 1313 294 res
1342 255 1535 304 mythicas
1567 276 1620 282 -
1650 257 1689 292 et
1719 254 1764 291 P.
1795 254 1830 290 V
1861 258 1927 293 40.
1986 255 2018 293 E
2049 254 2206 294 scholiis
2234 257 2364 294 autem
2393 253 2459 293 vix
2489 254 2585 294 certi

181 322 394 372 quidquam
424 322 511 360 elici
540 324 685 371 potest.

313 389 360 429 Ο.
388 390 408 428 Ι
438 393 487 429 41
519 390 572 428 Μ.
603 401 624 428 e
655 390 852 440 scriptura
880 390 971 428 Par.
1003 387 1037 428 G
1062 389 1241 442 χρυσέαις
1269 386 1345 429 κάν’
1379 387 1626 429 similitudine
1655 387 1780 431 fretus
1809 388 2010 430 literarum
2039 389 2079 429 K
2098 392 2138 430 et
2156 388 2207 430 Ic
2236 402 2308 440 per
2327 389 2586 441 conjecturam

176 455 373 509 χρυσέαισι
402 454 432 495 σ’
467 453 514 494 ἀν
545 452 678 501 ἵπποις
707 456 890 496 effecerat
920 454 1027 504 (Sch.
1053 454 1183 496 Germ.
1213 470 1253 508 p.
1278 454 1353 509 V):
1383 467 1485 495 nunc
1510 467 1621 495 suam
1649 455 1734 506 ipse
1762 454 2024 506 conjecturam
2053 456 2301 506 rejiciendam
2329 459 2438 497 ratus
2446 458 2474 505 ¹)
2502 471 2586 509 χρυ-

179 523 325 563 σέαισιν
355 520 409 562 ἀν’
444 519 577 568 ἵπποις
606 522 775 562 retinuit.
833 522 886 561 Et
914 521 1128 562 rectissime
1153 523 1237 573 jam
1266 521 1558 563 Leutschins
1588 522 1737 570 (Nunc.
1766 521 1876 562 erud.
1905 520 2012 561 Gott.
2040 525 2158 562 1861.
2187 534 2228 574 p.
2257 527 2374 564 1545.
2400 524 2485 573 46.)
2513 523 2587 563 hoc

181 591 289 641 quod
308 591 349 629 in
367 590 467 629 libro
497 589 641 638 optimo
662 589 751 628 Vat.
773 589 819 636 B,
848 600 951 628 nunc
980 588 1098 627 etiam
1127 589 1167 628 in
1186 589 1367 630 Ambros.
1396 589 1431 628 A
1460 589 1612 639 legitur,
1642 592 1779 628 contra
1806 589 2067 640 conjecturam
2093 589 2197 629 illam
2217 590 2401 630 defendit.
2444 592 2586 629 Peccat

178 658 282 697 enim
310 653 353 696 σὲ
380 656 470 695 huic
499 656 584 695 loco
613 656 801 695 insertum
828 655 868 694 in
897 667 1012 695 usum
1041 655 1220 704 Pindari,
1260 656 1298 695 id
1328 656 1432 707 quod
1457 656 1503 694 L.
1534 659 1714 694 accurate
1750 655 1940 706 exposuit.
2012 655 2142 694 Etiam
2170 655 2273 694 infra
2300 669 2360 696 vs.
2390 661 2440 696 46
2471 655 2524 702 ὡς
2552 654 2583 695 δ’

179 722 352 775 ἄφαντος
378 720 508 768 ἔπελες
537 752 545 760 .
561 751 569 759 .
586 751 594 759 .
627 719 768 774 ἄγαγον
797 722 960 773 legitur,
1001 733 1120 772 quum
1151 719 1192 760 σὲ
1221 733 1455 774 praegresso
1484 722 1604 760 verbo
1633 719 1763 766 ἔπελες
1798 722 1913 761 facile
1948 722 2199 772 intelligatur.
2269 722 2331 761 Ab
2359 723 2432 763 hoc
2461 727 2587 763 autem

180 793 262 829 loco
291 788 332 827 σὲ
362 801 409 827 eo
439 790 566 838 magis
594 789 791 836 abhorret,
821 789 925 837 quod
953 788 1054 826 idem
1083 801 1297 838 pronomen
1326 802 1473 828 summa
1500 789 1540 826 vi
1569 789 1609 826 in
1635 789 1746 827 initio
1774 788 1892 838 hujus
1920 789 2069 837 periodi
2092 789 2261 838 positum
2285 792 2345 828 est
2369 803 2427 829 vs.
2455 794 2505 831 36
2532 789 2587 830 υἱὲ

184 855 400 902 Ταντάλου,
430 852 472 893 σὲ
502 853 536 892 δ’
548 854 595 907 2),
626 852 738 893 ἀντίοι
765 855 842 893 κτλ.
900 855 953 893 Ut
982 854 1101 905 igitur
1127 854 1166 893 in
1195 855 1292 894 alios
1321 856 1426 895 locos
1457 854 1673 904 complures
1701 854 1876 894 homines
1904 854 2008 895 docti
2037 867 2184 895 summa
2210 855 2354 906 injuria
2374 867 2585 906 pronomen

178 922 384 974 personale
413 922 659 969 invexerunt,
684 919 744 960 'ita
772 920 835 961 hic
864 933 1017 970 quoque
1046 920 1237 971 ejusmodi
1266 921 1429 961 mutatio
1458 921 1605 962 frustra
1632 923 1784 961 tentata
1812 923 1909 961 erat.
1966 921 2113 961 Verum
2141 933 2190 961 ne
2219 933 2304 961 eum
2334 922 2479 962 scholio
2501 924 2585 972 hoc,

178 988 283 1039 quod
312 988 418 1038 apud
447 988 518 1027 Βὸ.
549 990 621 1036 est,
659 985 894 1041 χρυσέαισιν]
919 985 1003 1027 ἀντὶ
1031 989 1100 1027 τοῦ
1131 985 1192 1028 ἐπὶ
1219 990 1369 1040 χρυσῶν
1399 985 1524 1027 ἵππων
1552 986 1829 1041 μεταβιβάσας,
1867 986 2096 1040 μεταγαγών.
2126 999 2198 1039 pro
2226 990 2440 1043 μεταβᾶσαι
2469 991 2586 1030 scribi

179 1056 279 1097 velis
307 1053 558 1109 μεταβάσαις,
586 1055 844 1096 nominativus
873 1055 1071 1106 participii
1099 1056 1205 1095 nullo
1234 1056 1346 1095 modo
1375 1056 1513 1095 fertur.
1570 1057 1779 1095 Praeterea
1801 1055 1853 1093 Μ.
1880 1052 2147 1108 μεταβιβάσαι,
2176 1059 2394 1109 μεταγαγεῖν
2413 1069 2435 1095 e
2455 1056 2585 1096 codice

179 1124 291 1164 Caes.
335 1123 371 1162 A
400 1122 521 1162 edidit
551 1122 659 1172 (Sch.
689 1117 816 1162 Germ.
846 1134 886 1174 p.
921 1126 977 1171 7).
1034 1124 1155 1162 Immo
1184 1123 1288 1162 nulla
1317 1124 1526 1161 mutatione
1555 1134 1655 1173 opus
1685 1125 1763 1161 est:
1799 1133 1887 1160 nam
1916 1133 1965 1160 ex
1994 1120 2162 1172 δαμέντα
2191 1121 2333 1175 φρένας
2362 1121 2478 1175 ἱμέρῳ
2507 1124 2585 1163 infi-

179 1193 327 1231 nitivus
356 1191 572 1242 μεταβᾶσαι
600 1191 745 1239 pendet
773 1192 799 1228 i.
831 1202 869 1240 q.
899 1188 996 1229 ὥστε
1024 1192 1251 1244 μεταβᾶσαι.

320 1258 431 1295 Infra
452 1269 511 1294 vs.
537 1261 610 1294 107
637 1258 825 1296 Ambros.
855 1258 891 1295 A
912 1262 953 1295 et
976 1258 1067 1295 Vat.
1088 1259 1121 1295 B
1142 1260 1259 1307 κῆδος
1286 1257 1483 1303 exhibent,
1514 1257 1605 1295 Par.
1627 1256 1790 1302 θκῦδος,
1819 1257 1924 1305 quod
1943 1257 2033 1296 olim
2053 1257 2292 1297 Faehsius
2321 1261 2359 1297 et
2380 1259 2583 1300 Bothius

180 1324 450 1375 conjecerant,
491 1323 561 1360 Βὸ.
590 1322 673 1362 sine
702 1322 813 1363 libris
842 1335 1031 1373 reponere
1059 1335 1137 1362 non
1166 1322 1346 1362 audebat.
1417 1321 1494 1361 Sed
1524 1322 1640 1373 κῆδος
1668 1322 1731 1361 vel
1760 1322 1892 1372 potius
1920 1323 2038 1367 κᾶδος
2068 1334 2174 1371 vera,
2213 1324 2368 1368 κῦδος
2396 1323 2496 1364 falsa
2523 1328 2584 1365 est

180 1392 307 1431 lectio.
366 1389 479 1437 Quod
506 1393 550 1428 ut
581 1390 802 1429 accuratius
830 1389 1095 1440 dijudicemus,
1133 1391 1298 1439 primum
1327 1389 1366 1428 in
1396 1389 1516 1428 totius
1545 1389 1617 1428 loci
1647 1400 1804 1429 sensum
1833 1389 2080 1438 inquiramus.
2139 1389 2268 1439 Atque
2296 1391 2403 1440 ipsos
2433 1394 2584 1432 veteres

180 1459 415 1507 interpretes
444 1456 559 1494 valde
590 1456 629 1494 in
659 1455 888 1505 explicando
918 1456 1125 1496 dissentire
1155 1456 1281 1495 video.
1352 1456 1429 1494 Alii
1457 1456 1567 1503 enim,
1602 1458 1645 1494 ut
1674 1455 1745 1495 has
1780 1455 1878 1495 duas
1911 1456 2198 1496 controversias
2230 1457 2417 1497 maximas
2445 1470 2584 1509 propo-

180 1537 289 1571 nam,
333 1520 431 1567 θεός
458 1520 667 1574 ἐπίτροπος
696 1522 797 1562 sicut
825 1520 928 1561 λίποι
958 1522 1063 1572 quod
1092 1523 1267 1572 sequitur
1302 1522 1352 1560 ad
1388 1522 1512 1572 ipsam
1541 1522 1691 1561 Musam
1731 1522 1905 1561 referunt
1939 1522 1996 1560 ita
2022 1522 2284 1572 explicantes:
2329 1521 2534 1576 ἐπίτροπος
2562 1525 2583 1565 ὁ

178 1588 276 1635 θεὸς
303 1591 357 1639 τῷ
387 1587 465 1640 ἐμῷ
496 1587 640 1640 τρόπῳ·
671 1585 734 1628 καὶ
763 1587 857 1641 λέγει
885 1586 953 1640 τὴν
984 1590 1162 1637 Μοῦσαν,
1193 1590 1259 1628 alii
1286 1590 1388 1628 hunc
1417 1590 1457 1627 in
1485 1588 1638 1628 modum
1667 1589 1882 1640 explicant:
1921 1585 1944 1627 ὁ
1971 1585 2038 1639 μὲν
2073 1586 2304 1641 φροντιστὴς
2334 1590 2403 1640 τῆς
2431 1592 2501 1641 σῆς
2529 1590 2585 1630 εὐ-

180 1655 393 1708 δαιμονίας,
424 1652 455 1694 ‹f›
480 1654 618 1707 Ἱέρων,
648 1654 924 1694 ἀδιάπταιστόν
954 1669 1015 1694 σοι
1044 1654 1111 1708 τὴν
1140 1654 1384 1708 εὐδαιμονίαν
1413 1654 1646 1707 φυλάττειῧ).
1716 1655 1793 1694 Sed
1821 1655 1870 1694 de
1898 1656 2023 1703 Musa,
2051 1666 2152 1704 quae
2180 1657 2421 1705 praesertim,
2451 1658 2484 1697 si
2511 1658 2586 1699 hoc

179 1736 272 1763 vere
301 1723 467 1769 memini,
507 1734 700 1771 nusquam
730 1721 837 1772 apud
866 1722 1078 1761 Pindarum
1105 1721 1203 1767 θεός
1231 1723 1463 1772 appelletur,
1502 1722 1565 1761 hic
1594 1724 1756 1772 propter
1785 1722 1903 1761 totius
1930 1722 2005 1761 loci
2037 1722 2205 1761 indolem
2233 1734 2310 1762 non
2339 1723 2586 1772 cogitandum

178 1802 264 1829 esse
292 1792 398 1828 recte
428 1789 551 1828 sensit
579 1789 648 1826 Βὸ.
670 1800 812 1827 nexum
842 1789 1119 1828 sententiarum
1149 1789 1205 1829 sic
1233 1788 1472 1839 intelligens:
1503 1788 1591 1836 „Me
1618 1791 1772 1838 oportet
1800 1791 1850 1836 te,
1880 1788 2010 1836 Hiero,
2039 1791 2156 1828 cantu
2186 1788 2422 1838 praedicare,
2452 1793 2490 1829 te
2510 1802 2585 1841 quo

177 1868 302 1906 neque
322 1855 463 1895 cultior
486 1854 690 1905 quisquam
710 1853 785 1894 hac
818 1857 946 1894 aetate
980 1857 1040 1894 est
1068 1867 1195 1904 neque
1225 1854 1431 1904 potentior.
1490 1855 1576 1893 Deo
1606 1857 1698 1894 tuae
1727 1866 1791 1894 res
1821 1854 1927 1893 cordi
1950 1857 2063 1901 sunt3
2094 1855 2162 1904 qui
2182 1854 2258 1893 nisi
2284 1855 2452 1893 remittet
2471 1856 2585 1894 etiam

178 1923 364 1973 majorem
385 1921 592 1971 Olympiae
613 1922 814 1961 victoriam
835 1923 1001 1961 curulem
1025 1922 1272 1970 nancisceris,
1301 1933 1399 1971 quae
1429 1921 1520 1960 mihi
1550 1922 1713 1961 canendi
1741 1922 1928 1971 praebeat
1955 1921 2194 1959 materiam.“
2251 1920 2376 1968 Quam
2399 1922 2586 1962 rationem

178 1993 333 2030 secutus
362 1991 422 2028 est
451 1988 715 2028 Dissenius
743 1988 822 2027 alii.
892 1989 980 2027 Jam
1008 2000 1103 2027 vero
1133 1988 1322 2038 quomodo
1361 1988 1434 2027 hoc
1471 1987 1763 2040 intelligendum
1800 1990 1860 2027 est
1889 1985 1982 2039 ἔχων
2009 1989 2124 2027 τοῦτο
2153 1987 2295 2033 κῦδοςὶ)
2365 1987 2460 2027 Mihi
2487 1988 2585 2029 duae

177 2057 349 2096 rationes
378 2055 564 2094 videntur
592 2056 808 2105 excogitari
836 2067 952 2105 posse
965 2084 975 2103 ,
1020 2067 1185 2105 quarum
1226 2056 1350 2094 altera
1387 2055 1484 2094 haec
1512 2057 1584 2095 sit:
1628 2067 1770 2105 regens
1807 2055 1921 2094 istam
1950 2055 2114 2105 gloriam
2142 2054 2167 2093 i.
2198 2067 2232 2093 e.
2263 2054 2448 2094 victoriae
2476 2058 2584 2104 tuae,

178 2125 321 2163 altera:
356 2123 442 2172 ipse
470 2122 606 2171 (dens)
634 2122 781 2162 habens
812 2123 875 2161 vel
904 2123 1133 2162 nanciscens
1162 2121 1251 2161 inde
1280 2122 1445 2172 gloriam
1472 2134 1526 2161 sc.
1558 2120 1663 2171 quod
1693 2121 1770 2161 tuis
1799 2121 2013 2162 rationibus
2042 2120 2220 2161 consulit.
2277 2121 2466 2161 Neutrum
2493 2122 2586 2163 mihi

177 2190 388 2239 probatur:
420 2189 586 2228 alterum
608 2188 811 2229 obscurius
840 2188 952 2237 duco,
981 2189 1146 2229 alterum
1174 2188 1375 2229 absonum.
1434 2186 1511 2228 Sed
1539 2199 1589 2228 ne
1611 2187 1788 2238 pluribus
1816 2187 2003 2229 disseram
2033 2188 2082 2228 de
2111 2188 2171 2237 iis,
2199 2188 2239 2227 in
2268 2188 2408 2238 quibus
2437 2200 2588 2240 semper

179 2254 414 2306 ambiguitas
443 2254 633 2304 quaedam
660 2257 869 2304 remaneat,
900 2268 920 2294 e
950 2255 1105 2295 scholiis
1135 2255 1260 2295 elucet
1287 2255 1521 2305 interpretes
1551 2243 1834 2294 Alexandrinos
1861 2254 1963 2294 idem
1986 2254 2071 2305 jam
2099 2254 2252 2305 legisse,
2287 2254 2388 2304 quod
2418 2267 2520 2295 nunc
2547 2257 2588 2295 in

177 2322 328 2361 duobus
356 2322 514 2372 optimis
543 2322 652 2360 libris
680 2324 719 2359 et
747 2322 835 2361 aliis
865 2322 1048 2372 perbonis
1077 2325 1219 2361 exstat.
1287 2321 1469 2361 Scribunt
1498 2322 1598 2359 enim
1628 2322 1706 2360 sic:
1736 2319 1834 2366 θεὸς
1862 2319 2032 2372 ἐπόπτης
2060 2318 2123 2359 καὶ
2153 2318 2343 2371 διοικητὴς
2371 2325 2490 2360 τεαῖσι
2518 2320 2585 2372 μή·

178 2391 281 2428 δεται
302 2388 512 2441 μερίμναις,
542 2390 660 2439 κῆδος
679 2387 773 2439 ἔχων
792 2391 918 2435 τοῦτο,
949 2388 1002 2434 εἰς
1020 2391 1135 2428 τοῦτο
1164 2388 1402 2435 σπουδάζων,
1432 2386 1477 2427 τὸ
1508 2390 1579 2426 σοῦ
1608 2392 1874 2439 προνοεῖσθαι.
1932 2389 2041 2428 Haee
2069 2388 2187 2428 dubia
2215 2400 2291 2427 non
2321 2390 2424 2427 sunt.
2473 2389 2587 2433 κῦδος

177 2455 297 2507 igitur
324 2455 579 2506 rejiciendum
609 2458 682 2496 est.
704 2476 760 2482 —
782 2455 1039 2494 Nihilominus
1067 2455 1214 2505 aliquid
1241 2456 1280 2493 in
1309 2455 1393 2493 loco
1422 2455 1535 2501 inest,
1565 2454 1604 2491 in
1633 2465 1709 2503 quo
1738 2454 1943 2493 offendam.
2001 2455 2102 2492 Nam
2127 2454 2289 2492 *dativus
2311 2457 2432 2492 τεαῖσι
2459 2453 2585 2505 μερίμ-

177 2534 300 2559 ναισιν
329 2521 519 2570 quomodo
548 2522 736 2570 explicari
764 2522 903 2571 possit,
939 2533 1039 2560 uunc
1066 2533 1144 2559 non
1173 2522 1298 2559 video.
1357 2522 1496 2569 Neque
1525 2521 1625 2558 enim
1653 2521 1813 2558 verbum
1839 2520 2036 2571 μήδεσθαι
2065 2521 2222 2559 tertium
2250 2532 2383 2558 casum
2411 2521 2586 2559 assumiti

177 2598 327 2637 neque,
368 2587 408 2625 id
436 2587 542 2636 quod
578 2590 670 2636 post
698 2588 770 2624 Βό.
808 2587 1007 2636 plerisque
1043 2587 1207 2637 placuit,
1250 2585 1458 2638 ἐπίτροπος
1487 2599 1575 2625 cum
1613 2586 1746 2625 dativo
1782 2586 2042 2636 conjungitur.
2124 2585 2377 2625 Scribendum
2405 2590 2465 2625 est
2493 2585 2585 2637 ἔχων

176 2651 370 2703 τωύτὸ4)
399 2655 518 2698 κᾶδος
543 2654 569 2691 i.
598 2666 633 2692 e.
662 2651 707 2692 τὸ
737 2651 834 2693 αὐτὸ
864 2655 993 2698 κᾶδος.
1065 2654 1160 2692 Inde
1189 2654 1397 2693 secundum
1426 2666 1539 2693 usum
1568 2653 1806 2694 notissimum
1835 2653 1990 2693 dativus
2019 2657 2141 2693 τεαῖσι
2166 2650 2404 2705 μερίμναισιν
2431 2652 2583 2703 pendet.

177 2722 250 2764 Ita,
280 2725 324 2760 ut
354 2734 445 2760 vere
474 2721 619 2767 dicam,
665 2735 713 2760 ne
743 2720 856 2760 litera
886 2721 1042 2770 quidem
1077 2723 1227 2761 mutata
1254 2722 1432 2762 effectum
1462 2723 1543 2765 est,
1585 2723 1628 2761 ut
1656 2721 1762 2762 locus
1790 2734 1910 2763 sanus
1943 2733 2029 2762 esse
2058 2720 2251 2761 videatur.
2325 2719 2512 2759 Nimirum
2540 2732 2585 2760 eo

314 2996 342 3039 ¹)
365 2995 517 3040 Propter
541 2996 804 3040 sigmatismum
831 2996 878 3031 M.
903 2997 1140 3042 conjecturam
1165 3007 1264 3030 suam
1289 2997 1428 3041 rejecit:
1456 2995 1516 3030 sed
1546 2996 1636 3030 hanc
1666 3007 1808 3031 causam
1837 3007 1906 3031 non
1936 2996 2095 3031 sufficere
2126 3007 2166 3031 ex
2190 3006 2259 3030 uno
2284 2994 2359 3029 loco
2382 2992 2424 3028 O.
2447 2992 2518 3028 XII
2545 2996 2585 3029 16

179 3050 361 3086 discimus.

315 3107 348 3148 ²)
373 3106 459 3140 Noli
481 3105 655 3141 offendere
678 3107 716 3141 in
741 3106 807 3140 hac
833 3106 1009 3150 positione
1034 3107 1230 3151 particulae
1254 3106 1305 3144 δέ.
1358 3107 1518 3151 Namque
1542 3106 1742 3147 vocativus,
1772 3118 1880 3151 quum
1902 3107 2164 3152 interjectionis
2187 3105 2290 3151 quasi
2312 3104 2387 3139 vice
2403 3104 2584 3150 fungatur,

179 3161 463 3205 conjunctionem
489 3161 705 3207 juxta¹poni
737 3172 808 3197 non
839 3154 1001 3206 patitur]
1037 3163 1080 3197 cf.
1105 3162 1149 3198 Ο.
1173 3163 1224 3197 VI
1255 3160 1305 3197 12.
1336 3165 1411 3197 103.
1460 3161 1489 3196 I.
1515 3162 1533 3195 Ι
1558 3165 1597 3197 51
1630 3163 1728 3208 (58).
1775 3162 1820 3196 N.
1845 3161 1863 3196 I
1888 3164 1942 3197 29.
1969 3162 2006 3196 11
2033 3165 2083 3198 14.
2145 3160 2366 3205 Quapropter
2395 3159 2502 3195 etiam
2532 3163 2584 3197 σὲ,

179 3219 346 3261 sequente
371 3215 422 3258 δέ,
448 3218 530 3260 post
553 3218 754 3252 vocativum
777 3217 863 3262 poni
887 3217 1006 3252 solet.⁴
1038 3218 1081 3252 cf.
1107 3217 1152 3252 N.
1178 3217 1294 3254 11.14.

315 3272 342 3316 ⁸)
367 3271 469 3316 Quod
491 3271 556 3306 alii
578 3270 623 3306 ad
648 3270 745 3306 λίποι
768 3272 982 3318 intelligunt
1003 3276 1046 3318 μὲ
1063 3272 1083 3308 ὁ
1106 3277 1193 3319 βίος,
1218 3272 1238 3307 ὁ
1263 3274 1363 3314 αἰών,
1390 3272 1455 3307 hoc
1479 3283 1583 3318 quam
1609 3271 1800 3307 absurdum
1824 3272 1886 3314 sit,
1912 3282 2081 3317 exponere
2105 3271 2208 3307 facile
2233 3268 2452 3313 supersedeo.

316 3329 344 3370 ⁴)
370 3328 424 3362 Cf.
450 3328 491 3363 0.
519 3327 538 3361 1
561 3330 617 3364 45.
642 3327 734 3362 xm
759 3330 801 3363 37
826 3330 910 3372 (38).
936 3329 981 3363 N.
1007 3328 1078 3363 vn
1105 3331 1179 3364 104.
