2864 3499
1251 94 1580 141 -14-

208 226 283 265 erit
310 226 336 264 i.
366 237 400 264 e.
428 224 480 263 ad
508 224 681 264 nltimam
704 227 870 262 aetatem
898 226 1146 274 pervenerit,
1190 228 1332 275 quarta
1357 225 1472 264 etiam
1501 225 1643 263 virtute
1676 226 1820 275 poterit
1855 226 1993 265 florere
2024 226 2110 265 aliis
2138 236 2215 264 non
2244 237 2448 276 concessa,
2492 238 2608 277 quum

208 295 313 333 recte
339 292 404 331 ille
432 290 538 341 apud
567 291 737 329 animum
765 291 1025 331 considerabit
1052 293 1316 343 praesentia.“
1372 291 1446 330 Sed
1476 292 1564 341 quis
1590 303 1760 341 unquam
1789 292 1867 330 tale
1897 292 1993 342 quid
2011 291 2185 332 audivit?
2215 292 2302 342 quis
2322 297 2490 342 quatuor
2508 295 2609 345 ejus-

207 358 310 399 modi
338 370 483 409 genera
511 357 653 398 aetatis
681 357 888 398 distinxit?
918 360 1005 409 quis
1034 358 1199 408 denique
1229 359 1385 398 ultimae
1408 359 1557 398 demum
1586 358 1798 398 senectutis
1827 358 2028 409 proprium
2056 371 2143 399 esse
2171 359 2257 398 vult
2279 362 2432 411 φρονεῖν
2451 358 2495 398 τὸ
2515 374 2608 413 παρ-

206 424 400 477 κείμενονῒ
448 426 533 466 Hoc
560 424 713 475 quidem
742 425 992 476 proverbium
1020 425 1262 466 notissimum
1290 424 1379 478 ἔργα
1407 424 1499 465 νέων
1527 422 1664 478 βουλαὶ
1692 422 1732 465 δὲ
1760 424 1887 477 μέσων
1914 423 2019 477 εὐχαὶ
2042 424 2083 466 δὲ
2101 425 2286 480 γερόντων
2310 426 2609 477 haudquaquam

206 494 484 546 adstipulatur.
540 492 614 532 Illa
643 492 764 544 igitur
792 493 985 533 sententia
1023 494 1061 532 et
1096 491 1197 533 falsa
1233 504 1281 533 ea
1315 493 1417 533 unde
1452 493 1691 543 perversitas
1727 492 1904 544 prosecta
1930 495 1990 533 est
2027 493 2141 533 lectio
2169 494 2377 544 repudiata
2404 494 2465 535 sit.
2523 495 2610 535 Jam

206 575 302 603 vero
331 561 534 612 quaerenti
562 559 643 608 tibi,
678 559 834 608 quinam
864 571 983 599 verus
1011 560 1062 599 sit
1093 570 1244 608 sensus,
1281 560 1370 609 ipsa
1396 560 1610 599 Aristarchi
1639 560 1762 600 verba
1787 561 1957 608 afferam,
2000 572 2076 610 quo
2104 561 2293 600 neminem
2321 562 2456 602 melius
2485 562 2609 602 locum

206 629 439 681 explicuisse
467 626 606 669 credo:
648 629 774 679 ,,τρεῖς
801 622 868 677 μὲν
897 622 969 672 τὰς
996 624 1083 665 καθ’
1118 623 1277 677 ἡλικίαν,
1315 624 1363 672 ἃς
1390 624 1731 678 προεξηρίθμηται,
1765 625 1810 666 τὸ
1838 625 1877 667 ἐν
1905 623 2035 667 παισὶν
2062 624 2155 666 εἶναι
2184 628 2306 666 παῖδα
2334 625 2397 667 καὶ
2424 626 2468 668 τὸ
2488 626 2527 668 ἐν
2546 626 2607 668 ἀν-

208 696 347 750 δράσιν
377 693 499 746 ἄνδρα
528 689 591 732 καὶ
620 690 665 731 τὸ
694 690 733 731 ἐν
763 691 1034 744 παλαιοτέροις
1062 690 1327 745 παλαιότερον.
1366 690 1428 731 καὶ
1461 691 1640 744 τετάρτην
1674 691 1720 731 δέ
1748 706 1863 744 φησιν
1891 692 1980 732 ἐλᾶν
2015 690 2151 745 ἀρετὴν
2183 690 2250 731 τὸν
2283 687 2359 732 τῶν
2389 692 2611 747 ἀνθρώπων

206 761 302 818 βίον.
345 758 502 813 τετάρτη
533 753 601 800 οὖν
630 756 731 799 ἐστιν
759 754 876 811 ἀρετὴ
905 755 1000 810 αὕτη
1032 755 1130 810 πρὸς
1164 754 1227 805 αἷς
1265 758 1310 811 (i.
1340 772 1374 800 e.
1401 756 1499 812 πρὸς
1524 757 1682 805 ταύταις
1711 755 1778 809 ἃς)
1813 755 1978 812 εἴρηκεν,
2021 757 2074 806 ὡς
2107 759 2168 799 δεῖ
2196 755 2281 812 περὶ
2315 762 2384 799 τοῦ
2416 759 2609 814 παρόντος

212 826 423 885 φροντίζειν
443 824 506 868 καὶ
526 823 578 879 μὴ
600 823 686 879 περὶ
706 827 782 866 τῶν
801 822 989 879 ἐσομένων
1010 823 1175 874 πάντων,
1206 824 1307 866 ἀλλὰ
1327 823 1427 879 πρὸς
1456 824 1500 867 τὸ
1520 824 1645 880 παρὸν
1665 824 1859 867 δύνασθαι
1879 824 2133 880 ἁρμόζεσθαι.
2155 824 2177 867 ὁ
2196 824 2372 880 θνητὸς
2400 825 2518 868 αἰὼν
2546 826 2608 870 καὶ

205 897 384 950 τετάρτην
413 892 550 948 ἀρετὴν
578 892 719 945 ταύτην
749 893 854 947 φέρει
885 892 934 934 τὸ
972 890 1045 933 καὶ
1073 890 1158 945 περὶ
1196 898 1266 934 τοῦ
1303 894 1509 941 ἐνεστῶτος
1544 893 1822 947 φροντίζειν·
1867 890 1920 934 ὧν
1954 893 2024 934 οὐκ
2058 893 2215 935 ἄπεστιν
2244 893 2266 934 ὁ
2301 893 2607 948 ’1ριστοκλείδης,

204 963 304 1007 ἀλλὰ
326 962 427 1017 πρὸς
445 966 528 1009 ταῖς
554 958 667 1014 τρισὶ,
698 958 823 1014 φησὶν,
852 959 901 1008 ἃς
928 959 1198 1014 προκατείληχε
1227 961 1399 1014 κέκτηται
1429 959 1491 1002 καὶ
1519 960 1671 1013 ταύτην,
1700 960 1870 1002 τουτέστι
1898 963 1967 1002 τοῦ
1997 959 2191 1014 παρόντος
2210 960 2455 1014 φροντίζειν.“
2499 964 2607 1005 Haec

205 1038 285 1075 tam
304 1036 439 1085 aperte
460 1031 566 1072 dicta
594 1033 743 1080 quanta
769 1029 909 1080 injuria
937 1032 1028 1069 sunt
1055 1030 1250 1080 neglecta!
1309 1030 1439 1080 Atque
1468 1029 1508 1069 id
1537 1030 1750 1071 rectissime
1784 1030 1986 1080 perspexit
2013 1029 2262 1090 Aristarchus
2290 1034 2465 1081 quartam
2495 1043 2606 1082 quam

204 1105 320 1153 poeta
348 1100 443 1140 dicit
470 1100 655 1139 virtutem
687 1109 763 1137 non
797 1100 926 1137 certae
959 1098 1158 1149 cujusdam
1193 1099 1332 1138 aetatis
1366 1099 1565 1147 propriam
1600 1110 1686 1138 esse
1720 1098 1789 1138 sed
1818 1098 1955 1146 talem,
2003 1109 2105 1147 quae
2139 1097 2187 1137 ad
2223 1101 2373 1139 ceteras
2406 1099 2606 1140 accederet

203 1179 348 1219 easque
377 1168 554 1217 augeret.
626 1163 725 1212 Quid
753 1165 870 1216 igitur
899 1162 921 1202 ὁ
949 1162 1098 1216 μακρὸς
1127 1162 1245 1212 αἰών,
1286 1177 1403 1215 quum
1438 1165 1600 1214 quaevis
1629 1168 1739 1204 aetas
1770 1167 1931 1215 quartae
1959 1164 2075 1215 hujus
2105 1165 2262 1205 virtutis
2294 1166 2490 1216 particeps
2519 1178 2604 1206 esse

202 1234 352 1287 possit?
425 1234 567 1281 Immo,
610 1232 692 1271 vita
720 1231 933 1271 humana
961 1232 1103 1280 omnis,
1149 1232 1267 1270 etiam
1297 1232 1331 1272 si
1360 1244 1435 1271 non
1464 1232 1690 1283 longissima
1718 1235 1797 1280 est,
1842 1234 2022 1281 quartam
2058 1231 2163 1270 illam
2193 1233 2377 1272 virtutem
2405 1233 2604 1284 progignit

203 1302 357 1357 (aic!¹)
426 1301 564 1350 Itaque
594 1311 641 1338 ea
668 1299 780 1339 lectio
810 1310 911 1349 quae
940 1297 1157 1339 firmissimo
1187 1300 1303 1338 etiam
1338 1294 1587 1338 fundamento
1614 1299 1773 1347 nititur,
1814 1296 1836 1338 ὁ
1866 1296 2015 1344 θνατὸς
2044 1296 2137 1337 αιών
2165 1303 2328 1349 propter
2357 1312 2511 1340 sensum
2540 1312 2604 1339 ne-

203 1368 374 1410 cessario
403 1365 627 1416 recipienda
655 1368 727 1405 est.

337 1436 548 1474 Praeterea
567 1455 621 1460 -—
642 1432 709 1471 vix
737 1432 837 1471 enim
866 1443 1023 1481 possum
1053 1432 1146 1481 quin
1175 1432 1272 1472 haec
1301 1432 1471 1472 breviter
1501 1432 1636 1472 saltem
1665 1431 1805 1471 addam
1836 1453 1890 1460 -—
1917 1431 2134 1472 Aristarchi
2163 1444 2280 1482 quam
2307 1433 2419 1473 modo
2448 1433 2603 1473 laudavi

203 1500 456 1554 paraphrasis
490 1498 738 1551 conjecturae
772 1497 1073 1549 Bergkianae
1107 1499 1146 1538 in
1183 1498 1351 1539 editione
1384 1501 1585 1549 poetarum
1620 1498 1826 1549 lyricorum
1860 1498 1984 1539 altera
2014 1498 2063 1539 ad
2099 1509 2160 1538 vs.
2199 1501 2263 1539 72.
2297 1501 2346 1539 73
2380 1500 2603 1550 propositae

194 1578 317 1621 'quam
345 1568 509 1608 maxime
538 1566 666 1606 favet:
696 1578 786 1605 nam
816 1566 918 1617 quod
950 1577 1050 1606 nunc
1079 1566 1156 1617 legi
1187 1567 1286 1607 solet
1315 1565 1441 1618 τρίτον
1557 1565 1673 1618 μέρος
1705 1567 1825 1617 probe
1854 1567 2017 1617 intelligi
2043 1567 2190 1616 nequit.
2247 1566 2447 1617 Bergkii
2476 1569 2601 1608 autem

201 1636 328 1689 τρίτος
357 1636 401 1685 (i.
433 1646 470 1683 q.
500 1632 637 1686 γέρων)
673 1633 921 1671 confirmatur
954 1633 1015 1671 his
1049 1634 1180 1671 verbis
1214 1633 1476 1672 Aristarcheis
1511 1631 1549 1670 ἐν
1579 1632 1848 1684 παλαιοτέροις
1876 1631 2130 1685 παλαιότερος
2159 1634 2261 1672 sicut
2289 1645 2385 1672 voce
2414 1632 2601 1685 τέσσαρας

200 1716 300 1754 quae
320 1701 398 1756 (vs.
425 1704 495 1751 74)
527 1702 715 1751 sequitur.
773 1701 913 1751 Neque
942 1713 1036 1739 vero
1065 1699 1182 1752 γέρων
1214 1702 1275 1739 vel
1303 1699 1559 1751 παλαιότερος
1588 1705 1768 1740 accurate
1798 1702 1984 1751 seriptum
2014 1701 2137 1739 fuisse
2171 1712 2221 1739 ex
2251 1701 2323 1740 hoc
2353 1702 2428 1740 alio
2457 1702 2601 1741 scholio

202 1775 333 1809 vetere
367 1769 577 1809 concludo:
620 1766 885 1818 προσληπτέον
925 1765 1069 1813 ἔξωθεν
1105 1766 1281 1812 παλαιός.
1353 1769 1533 1816 Denique
1568 1768 1669 1816 quod
1703 1769 1741 1806 in
1777 1769 1921 1817 optimo
1955 1769 2053 1807 libro
2083 1769 2172 1806 Vat.
2203 1769 2235 1805 B
2266 1772 2395 1806 exstat
2427 1766 2601 1818 τρίτατος

201 1850 278 1876 ιιοιι
306 1836 357 1875 ad
383 1833 512 1887 τρίτον
541 1834 608 1874 sed
639 1834 691 1873 ad
718 1831 845 1885 τρίτος
874 1834 1114 1874 scribendum
1144 1847 1215 1874 nos
1244 1835 1398 1874 invitat.

333 1902 383 1942 N.
413 1902 448 1940 V
485 1903 535 1942 52
572 1901 707 1950 optimi
740 1901 828 1940 libri
863 1900 951 1940 Vat.
986 1901 1018 1940 B
1050 1899 1267 1953 παγκρατίῳ
1302 1900 1559 1950 recipiendum
1599 1905 1670 1941 est.
1731 1900 1795 1941 Sic
1827 1901 1926 1940 enim
1957 1901 1991 1941 is
2025 1913 2111 1941 cum
2146 1913 2241 1941 voce
2274 1898 2420 1940 πύκταν
2450 1903 2601 1942 exsistit

200 1981 337 2016 nexus,
370 1968 436 2018 qui
465 1970 629 2017 propter
657 1967 869 2016 particulas
896 1964 936 2005 τὲ
951 1989 963 1995 -
978 1966 1049 2005 καί
1070 1968 1327 2006 desideratur.
1391 1968 1453 2004 Ita
1482 1968 1585 2016 apud
1614 1967 1884 2006 scholiastam:
1921 1966 2087 2019 φθέγξαι
2116 1965 2156 2005 δὲ
2184 1965 2247 2005 καὶ
2276 1966 2457 2019 πυκτικὴν
2485 1967 2601 2007 αὐτὸν

201 2035 263 2075 καὶ
289 2034 521 2087 παγκράτιον
549 2034 775 2085 νενικηκεναι
805 2033 843 2072 ἐν
869 2033 1083 2085 Ἐπιδαύρῳ
1111 2032 1173 2072 καὶ
1203 2036 1341 2084 διπλῆς
1369 2033 1507 2084 ἀρετῆς
1535 2033 1650 2080 δόξαν
1679 2038 1903 2085 κεκτῆσθαι.
1969 2035 2120 2073 Deinde
2150 2038 2233 2073 toto
2261 2035 2335 2074 hoc
2364 2036 2448 2074 loco
2477 2036 2601 2074 obiter

200 2106 350 2143 tantum
379 2101 623 2142 considerato
653 2102 782 2151 quivis
810 2103 942 2141 statim
971 2101 1103 2140 videat
1132 2104 1285 2151 poetam
1315 2114 1392 2140 non
1422 2104 1520 2149 tres,
1554 2105 1598 2139 ut
1626 2102 1901 2141 Dissenius
1930 2102 2029 2149 vult,
2064 2102 2132 2141 sed
2162 2102 2260 2141 duas
2290 2102 2493 2141 Themistii
2523 2103 2600 2142 vic-

200 2170 321 2210 torias
348 2168 575 2219 praedicare
604 2168 716 2207 velle.
767 2167 828 2208 of.
857 2168 1112 2208 Boeckhii
1145 2171 1224 2208 not.
1255 2169 1338 2208 crit.
1375 2169 1425 2208 ad
1459 2181 1518 2209 vs.
1551 2173 1602 2209 53
1638 2171 1745 2208 etex
1775 2169 1919 2208 scholio
1943 2169 2055 2208 modo
2088 2172 2299 2208 memorato
2332 2168 2447 2208 etiam
2480 2169 2598 2209 haec:

199 2233 417 2289 προθύροις
446 2233 493 2274 δέ
515 2247 630 2287 φησιν
659 2232 813 2275 Αἰακοῦ
843 2231 927 2275 ἀντὶ
955 2235 1025 2274 τοῦ
1055 2232 1094 2274 ἐν
1132 2237 1186 2285 τῷ
1225 2233 1340 2288 ἡρῴῳ
1377 2237 1447 2275 τοῦ
1476 2233 1632 2275 Αἰακοῦ
1674 2233 1712 2274 ἐν
1742 2233 1899 2289 Αἰγίνῃ,
1940 2230 2059 2289 οὗπερ
2088 2234 2126 2276 ἐν
2154 2238 2237 2282 τοῖς
2264 2233 2484 2289 προθύροις
2511 2233 2598 2275 ἀνά-

198 2318 337 2344 κεινται
357 2302 397 2343 οἱ
422 2301 464 2350 ἐξ
488 2301 719 2354 Ἐπιδαύρου
746 2305 815 2342 τοῦ
848 2301 1054 2353 Θεμιστίου
1083 2304 1250 2342 διπλοῖ
1274 2302 1467 2354 στέφανοι.
1526 2304 1697 2343 Necesse
1726 2303 1846 2353 igitur
1875 2307 1979 2343 esset
1994 2325 2049 2332 —
2064 2304 2153 2343 hinc
2181 2303 2394 2343 Dissenii
2424 2315 2600 2342 error—-

198 2368 358 2412 διπλόαν
388 2373 428 2412 et
456 2382 541 2412 cum
570 2369 816 2412 substantivo
845 2381 917 2412 suo
945 2367 1083 2423 ἀρετάν
1113 2369 1362 2422 conjunctum
1392 2372 1430 2410 et
1461 2369 1526 2410 ubi
1556 2369 1753 2422 genitivus
1782 2367 2015 2424 παγκρατίου
2045 2370 2134 2412 inde
2163 2369 2337 2422 pendens
2366 2369 2597 2422 intelligere-

197 2441 283 2486 tur,
322 2438 372 2476 ab
402 2437 534 2476 eodem
564 2437 810 2477 substantivo
840 2437 1033 2476 divulsum
1062 2438 1239 2488 cogitari.
1299 2437 1411 2486 Quod
1441 2449 1560 2488 quum
1595 2437 1692 2476 bene
1725 2448 1800 2476 non
1835 2436 1919 2486 fiat,
1960 2437 2144 2488 optimum
2178 2437 2273 2477 illud
2302 2434 2519 2490 παγκρατίῳ
2549 2448 2597 2476 ex

197 2506 344 2557 optimo
371 2505 469 2544 libro
498 2505 644 2556 scripto
672 2505 712 2545 in
742 2505 831 2556 ipsa
860 2504 1019 2545 Pindari
1042 2505 1162 2544 verba
1184 2505 1276 2556 jure
1306 2518 1330 2544 a
1358 2505 1660 2545 Mommsenio
1688 2508 1886 2556 receptum
1917 2517 2002 2546 esse
2032 2509 2144 2558 grato
2175 2505 2301 2546 animo
2332 2504 2596 2545 concedamus.

337 2704 366 2748 ¹)
390 2702 455 2747 ἐλᾷ
480 2714 548 2739 ιιοιι
573 2706 629 2738 est
651 2703 777 2749 adjicit
800 2704 875 2738 sive
897 2703 1055 2746 adducit,
1081 2702 1141 2738 sed
1165 2706 1326 2738 nostrum
1350 2703 1463 2738 treibt
1488 2703 1629 2738 heraus.
