2864 3499
1259 101 1558 146 -4—

209 235 300 275 XIV
325 237 405 283 15),
434 234 543 273 falsis
571 244 657 272 eam
676 233 909 283 conjecturis
938 233 1140 280 debebant,
1169 233 1309 282 quibus
1333 232 1423 282 jure
1446 232 1531 281 jam
1550 231 1668 270 soluti
1696 232 1797 270 sunt.
1841 229 1924 269 Nec
1950 229 2081 269 debuit
2099 231 2333 271 novissimus
2359 242 2458 270 nunc
2475 229 2599 269 editor

210 300 257 341 Ο.
278 300 317 340 11
337 303 388 340 87
419 299 460 339 in
488 299 650 339 Pindari
678 299 800 339 verba
826 297 1006 351 γαρύεται
1033 302 1140 349 post
1174 296 1370 349 μαθόντες
1405 294 1446 337 δὲ
1477 295 1616 350 λάβροι
1650 298 1820 337 inserere
1830 293 1880 349 ²).
1911 318 1961 325 —
1989 296 2114 336 Porro
2142 310 2262 348 quum
2290 310 2391 336 nunc
2418 298 2533 336 etiam
2559 297 2599 334 in

208 366 363 417 optimis
388 365 499 406 libris
528 363 576 405 Ο.
599 365 641 405 11
668 369 718 406 97
749 363 878 404 &ew
906 365 1001 418 (non
1028 363 1213 417 ἑθελων),
1249 365 1343 404 VIII
1371 366 1422 404 85
1450 361 1564 403 θέλοι
1592 363 1778 413 scriptum
1816 375 1902 404 esse
1939 365 2090 403 constet
2116 376 2188 405 nec
2215 366 2259 406 P.
2288 365 2324 403 X
2353 368 2390 404 5.
2420 365 2452 402 Ι.
2480 364 2516 401 V
2546 367 2597 403 43

208 433 482 480 adversentur,
516 431 686 471 dubitari
714 432 866 481 nequit,
903 432 995 481 quin
1023 431 1216 471 Pindarus
1244 434 1401 481 praeter
1428 428 1574 469 ἐθέλειν
1601 430 1779 469 breviore
1807 440 1958 479 quoque
1985 428 2111 470 forma
2137 429 2267 470 θέλειν
2293 443 2387 471 usus
2414 431 2478 470 sit.
2535 429 2600 469 Sic

208 500 325 539 etiam
352 509 501 549 pravae
527 498 616 537 illae
644 509 775 538 crases
811 497 1016 545 tolluntur,
1055 508 1154 546 quas
1188 496 1462 536 Boeckhius
1495 496 1637 546 aliique
1671 495 1731 536 his
1760 496 1854 536 locis
1882 495 2034 536 admitti
2073 497 2296 546 voluerunt,
2335 496 2598 537 Ahrensius

202 567 295 617 ,iure
322 565 521 604 damnavit
533 563 583 618 2).
618 587 667 592 —
695 565 864 604 Prorsus
891 566 1004 603 nova⁴v
1021 563 1073 602 Μ.
1104 575 1260 603 suorum
1288 563 1473 603 librorum
1505 562 1618 601 fidem
1645 566 1801 603 secutus
1828 562 1877 602 de
1905 563 2148 613 correptione
2177 565 2366 605 vocalium
2399 564 2598 613 longarum

207 635 297 671 ante
325 632 482 671 vocales
509 631 549 669 in
576 631 711 670 mediis
749 630 948 671 vocabulis
978 630 1141 681 protulit
1151 630 1187 679 ³)
1216 641 1288 672 nec
1326 641 1403 671 non
1430 629 1478 671 de
1514 630 1642 671 soluta
1668 629 1749 671 arsi
1776 632 1816 670 et
1852 628 1963 669 brevi
1991 628 2093 671 thesi
2125 633 2165 671 et
2192 632 2369 672 anacrusi
2405 630 2446 671 in
2475 630 2598 680 primo

208 703 423 750 systemate
450 698 607 748 saepius
626 698 805 737 admissis
818 696 868 750 ⁴).
909 698 1040 748 Atque
1068 698 1291 737 laetabundi
1319 698 1386 746 qui
1404 709 1533 736 rerum
1563 697 1806 736 metricamm
1834 695 1998 736 studiosi
2026 700 2115 736 sunt
2143 698 2297 738 tandem
2316 698 2599 739 celeberrimam

210 766 315 805 illam
341 766 646 805 controversiam
674 776 776 814 quae
804 776 827 802 e
856 765 976 802 verbo
1005 761 1159 815 ὥρμαιν’
1194 764 1241 802 O.
1270 765 1329 802 111
1359 767 1409 803 25
1439 767 1526 803 orta
1554 766 1656 811 erat,
1691 763 1826 812 optimi
1856 763 1942 802 libri
1971 774 2046 813 ope
2073 763 2317 813 dijudicatam
2345 776 2431 805 esse
2459 776 2599 817 cogno·

209 836 328 875 scent-
385 831 488 872 Nam
516 830 619 881 quod
642 830 726 882 jam
754 829 902 881 pridem
930 830 1204 870 Boeckhius
1220 831 1255 883 ⁵)
1285 831 1524 870 indicaverat
1552 827 1674 883 ὥρμα,
1703 830 1777 871 hoc
1804 831 1844 870 in
1872 831 1958 881 ipso
1986 829 2164 872 Ambros.
2194 833 2325 874 codice
2351 837 2500 873 exstat:
2528 844 2599 872 nec

209 901 413 951 quisquam
432 899 599 949 amplius
619 898 754 939 literae
774 897 918 938 vocalis
946 897 1143 937 elisionem
1162 898 1201 936 in
1230 897 1304 936 fine
1324 910 1460 937 versus
1480 898 1718 936 tolerandam
1747 910 1833 937 esse
1852 897 2057 937 contendet
2069 898 2116 949 ⁶).
2137 920 2193 928 —
2210 901 2346 951 Longe
2365 901 2598 939 uberrimum

209 978 302 1007 vero
342 966 511 1007 fructum
539 966 592 1005 M.
621 978 694 1007 sua
726 964 911 1005 librorum
945 963 1183 1015 inspectione
1211 965 1248 1004 ei
1284 965 1502 1016 quaestioni
1540 965 1690 1013 attulit,
1725 975 1825 1014 quae
1863 965 1902 1003 in
1937 966 2206 1015 cognoscenda
2242 967 2400 1008 Pindari
2435 968 2598 1008 dialecto

207 1037 400 1075 versatur.
457 1033 516 1072 Ac
544 1031 769 1072 confirmant
796 1043 897 1071 nunc
924 1031 1013 1071 libri
1041 1031 1213 1071 doricum
1240 1032 1484 1082 participium
1512 1032 1627 1081 primi
1654 1032 1773 1072 activi
1801 1031 1935 1071 aoristi
1964 1031 2004 1070 in
2033 1046 2095 1077 αις
2123 1032 2320 1081 desinens,
2357 1034 2461 1083 quod
2487 1035 2598 1074 docte

206 1102 277 1138 Βὸ.
306 1099 534 1138 defenderat
561 1099 601 1136 in
630 1098 759 1136 Praef.
789 1109 828 1148 p.
858 1098 1008 1136 XXXII
1037 1108 1097 1148 sq.
1155 1097 1300 1137 Contra
1328 1097 1431 1147 quod
1458 1097 1558 1137 idem
1587 1097 1635 1137 V.
1666 1096 1723 1138 Cl.
1754 1098 1794 1137 in
1821 1109 1893 1139 usu
1920 1098 2082 1138 voculae
2109 1113 2166 1138 mr
2194 1101 2278 1141 sive
2304 1117 2367 1152 μιν
2395 1101 2598 1142 notabilem

206 1180 291 1206 eam
320 1166 566 1205 statuendam
584 1166 879 1203 inconstantiam
899 1165 1064 1203 ducebat
1077 1166 1122 1212 ⁷),
1150 1168 1192 1202 ut
1211 1165 1413 1213 Pindarus,
1443 1176 1522 1215 qua
1541 1167 1644 1205 esset
1669 1164 1879 1217 diligentia,
1908 1176 1981 1217 pro
2009 1166 2094 1205 soni
2114 1168 2307 1209 suavitate
2326 1168 2437 1210 modo
2458 1169 2598 1211 Jonum

204 1249 269 1282 pur
297 1233 412 1271 modo
439 1233 683 1271 Doriensium
712 1247 769 1268 νιν
798 1232 989 1280 delegisse
1018 1231 1215 1268 videretur
1243 1232 1429 1279 spectatis
1456 1235 1538 1269 tum
1565 1233 1808 1282 praegressis
1836 1235 1917 1270 tum
1936 1232 2229 1273 succedentibus
2259 1235 2400 1284 verbis,
2427 1235 2523 1276 haec
2550 1247 2598 1276 ex

205 1298 402 1349 euphonia
428 1298 594 1347 repetita
621 1297 722 1337 ratio
752 1297 1022 1336 vetustissimis
1050 1297 1160 1335 libris
1188 1309 1264 1334 non
1292 1298 1577 1347 comprobatur.
1621 1299 1667 1335 In
1691 1298 1885 1348 Olympiis
1913 1298 2067 1347 quidem
2096 1300 2265 1349 optimus
2293 1301 2390 1340 liber
2420 1302 2596 1343 Ambros.

205 1366 241 1407 A
270 1369 411 1417 quater
439 1365 565 1406 decies
594 1381 661 1412 νιν,
691 1363 820 1406 decies
849 1380 913 1415 μιν
941 1363 1109 1412 exhibet,
1139 1364 1348 1404 Vaticanus
1367 1365 1400 1403 B
1420 1366 1540 1404 octies
1569 1381 1636 1412 νιν,
1666 1367 1792 1405 sexies
1821 1366 1948 1405 decies
1975 1381 2051 1416 μιν,
2081 1367 2284 1407 Parisinus
2305 1368 2339 1407 G
2358 1369 2600 1410 duodevicies

207 1449 276 1482 νιν,
306 1434 426 1474 octies
452 1448 538 1484 μινς
576 1444 693 1483 porro
722 1432 762 1472 in
791 1431 945 1482 Pythiis
975 1435 1142 1481 quatuor
1168 1431 1362 1482 prioribus
1391 1432 1503 1471 Pars.
1534 1431 1567 1471 G
1594 1433 1722 1472 sexies
1750 1448 1827 1479 m,
1856 1433 2002 1482 septies
2029 1448 2111 1483 μιν,
2151 1434 2239 1472 Vat.
2266 1435 2299 1473 B
2328 1436 2368 1474 in
2395 1436 2525 1475 decem
2552 1438 2601 1476 iis

207 1500 379 1552 Pythiis,
408 1511 510 1551 quae
538 1500 693 1551 integra
721 1499 907 1549 continet,
937 1499 1065 1540 decies
1094 1513 1150 1538 m
1179 1498 1303 1547 offert,
1333 1498 1453 1540 octies
1482 1513 1546 1550 μιν
1557 1497 1608 1552 ⁸).
1665 1499 1719 1538 Et
1747 1499 1781 1539 si
1810 1499 1982 1551 singulos
2011 1500 2116 1540 locos
2144 1501 2273 1550 paullo
2302 1503 2518 1544 accuratius
2544 1504 2600 1544 in-

207 1568 400 1618 spexeris,
436 1567 549 1606 facile
579 1567 627 1605 de
656 1566 870 1616 euphonica
899 1567 1048 1606 ratione
1075 1566 1247 1616 cogitare
1275 1566 1440 1606 desines.
1498 1566 1687 1605 Nimirum
1714 1565 1851 1605 iisdem
1878 1566 2002 1605 literis
2031 1569 2070 1605 et
2099 1568 2350 1617 sequentibus
2378 1572 2419 1609 et
2446 1582 2600 1620 praece-

208 1634 389 1674 dentibus
417 1633 530 1673 modo
558 1648 614 1672 νιν
643 1633 755 1672 modo
781 1648 846 1684 μιν
875 1633 1063 1683 scriptum
1092 1633 1277 1673 invenies.
1337 1632 1463 1681 Cedo,
1502 1632 1692 1683 quomodo
1720 1622 1765 1673 tu
1797 1645 1871 1683 per
1908 1633 2137 1683 euphoniam
2171 1634 2245 1674 hoc
2273 1636 2458 1686 explicari
2485 1649 2600 1687 posse

206 1701 414 1748 existimes,
446 1700 550 1751 quod
577 1712 698 1750 usque
726 1712 751 1739 a
779 1700 915 1750 quinto
944 1700 1111 1740 carmine
1131 1699 1272 1751 Pythio
1301 1700 1351 1739 ad
1379 1703 1615 1750 postremum
1642 1700 1682 1739 in
1702 1700 1878 1740 omnibus
1907 1699 2016 1740 libris
2036 1704 2076 1740 et
2099 1701 2373 1741 vetustioribus
2402 1707 2441 1742 et
2469 1715 2600 1744 recen-

205 1768 368 1809 tioribus
396 1780 473 1807 uno
502 1768 586 1808 loco
615 1770 776 1817 excepto
807 1765 872 1821 (P.
893 1767 949 1806 IX
972 1765 1057 1820 63.)
1084 1768 1228 1818 ubique
1257 1781 1312 1805 νιν
1341 1768 1544 1817 reperitur.
1588 1766 1770 1807 Profecto
1796 1767 2023 1807 alterutrum
2052 1766 2194 1808 falsum
2223 1781 2309 1809 esse
2337 1782 2494 1810 necesse
2521 1776 2598 1810 est:

204 1847 277 1876 nec
298 1835 462 1875 dubitari
483 1838 624 1885 potest,
653 1834 746 1884 quin
765 1833 974 1875 Pindarioa
993 1833 1118 1874 forma
1146 1850 1201 1873 m
1221 1835 1285 1874 sit.
1331 1834 1495 1885 Saepius
1515 1835 1616 1874 enim
1645 1835 1788 1875 factum
1808 1847 1894 1876 esse
1914 1835 2098 1884 videmus,
2130 1840 2172 1876 ut
2192 1838 2430 1887 grammatici
2449 1837 2600 1879 doricas

345 2037 371 2080 ¹)
394 2035 445 2070 At
467 2034 704 2080 grammatici,
729 2034 885 2079 inquies,
911 2033 1150 2075 Herodianus,
1176 2034 1367 2075 Lesbonax,
1392 2033 1605 2068 Eustathius
1629 2033 1774 2067 disertis
1798 2033 1914 2068 verbis
1938 2034 2028 2068 hanc
2051 2034 2202 2078 figuram
2225 2036 2380 2068 tuentur.
2429 2035 2496 2069 Sed
2519 2047 2602 2081 quo-

207 2091 308 2128 modo
330 2089 504 2126 tuentur?
539 2089 706 2134 Exempla
729 2088 882 2135 quidem,
907 2099 996 2134 quae
1019 2087 1181 2130 afferunt,
1206 2090 1347 2133 praeter
1362 2100 1472 2123 unum
1495 2090 1660 2133 corrupta
1676 2099 1752 2123 esse
1776 2088 1952 2130 videntur,
1976 2089 2030 2124 ita
2053 2091 2095 2124 ut
2117 2101 2161 2124 ne
2180 2090 2269 2124 satis
2293 2089 2433 2133 quidem
2456 2091 2600 2135 liqueat,

205 2146 346 2191 qualem
367 2145 520 2190 figuram
542 2144 601 2179 illi
615 2144 841 2180 Pindaricam
864 2144 1133 2190 appellaverint.
1170 2144 1271 2179 Unus
1294 2146 1414 2179 autem
1436 2143 1469 2179 is
1491 2143 1601 2185 locus,
1625 2143 1687 2189 qui
1710 2143 1862 2179 fortasse
1878 2155 1947 2179 non
1964 2145 2151 2189 corruptus
2174 2146 2240 2186 est,
2263 2155 2365 2190 quem
2382 2145 2601 2182 Herodianus

205 2202 308 2237 affert
329 2201 487 2246 (Villois.
512 2200 643 2235 Anecd.
669 2200 718 2234 H.
741 2212 775 2244 p.
799 2203 857 2244 95)
880 2201 969 2243 ἰάχει
991 2201 1276 2246 βαρυφθεγκτᾶν
1298 2199 1423 2245 ἀγέλαι
1447 2199 1607 2234 λεόντων
1630 2210 1670 2233 θο
1692 2199 1822 2240 differt,
1846 2200 1939 2245 quod
1962 2200 2107 2234 verbum
2130 2200 2221 2244 ἰάχει
2243 2200 2439 2242 antecedit,
2470 2202 2602 2248 subjec-

206 2259 283 2293 tum
305 2255 442 2302 plurale
465 2255 704 2301 subsequitur.
741 2256 818 2291 Hoc
841 2266 903 2291 cur
925 2254 1080 2291 Pindaro
1103 2266 1173 2291 non
1196 2254 1454 2290 concedendum
1475 2265 1677 2289 censeamus
1701 2266 1807 2290 causa
1828 2256 1887 2290 vix
1910 2258 1975 2290 est.
2016 2256 2209 2291 Verissime
2232 2256 2325 2290 enim
2348 2256 2541 2301 Krueger
2563 2259 2601 2292 in

205 2323 259 2357 gr.
283 2323 337 2357 gr.
362 2314 425 2353 64,
449 2314 489 2353 4,
514 2314 553 2346 4:
591 2311 693 2352 „Nur
716 2310 916 2356 uberhaupt
938 2311 994 2346 ein
1019 2310 1115 2357 Subj.
1141 2309 1452 2355 ankiindigend
1474 2309 1530 2345 od.
1556 2309 1759 2346 umfassend
1782 2310 1881 2346 steht
1902 2310 2075 2347 zuweilen
2097 2310 2159 2346 der
2181 2310 2360 2355 Singular,
2383 2313 2602 2348 namentlich

204 2370 316 2410 ἔστιν,
337 2362 394 2412 ἦν,
416 2371 588 2414 γίγνεται,
612 2376 712 2401 wenn
737 2366 826 2401 auch
850 2365 1120 2401 mehrheitliche
1142 2365 1238 2412 Subj.
1264 2364 1421 2410 folgen.“
1468 2364 1519 2401 Ut
1542 2364 1657 2410 igitur
1680 2365 1908 2401 substantiva
1929 2366 2084 2412 pluralia
2105 2366 2290 2402 collective
2313 2365 2500 2403 intellectu
2522 2379 2601 2404 cum

205 2422 381 2468 singulari
402 2422 501 2457 verbi
521 2422 731 2467 jungantur,
756 2421 900 2457 verbum
924 2421 1158 2465 praecedat
1180 2431 1322 2456 necesse
1346 2423 1413 2455 est.
1452 2422 1690 2455 Consentiunt
1711 2432 1799 2467 quae
1822 2421 2181 2458 Schneidewinus
2204 2421 2249 2457 ad
2265 2421 2372 2466 Soph.
2389 2421 2512 2457 Trach.
2538 2426 2601 2459 520

204 2478 363 2525 collegit.
386 2499 430 2504 —
453 2476 601 2514 Accedit
624 2476 733 2513 aliud.
781 2477 948 2513 Eustath.
974 2477 1068 2512 enim
1092 2476 1150 2523 (ad
1167 2476 1211 2512 Il.
1237 2480 1257 2521 ζ
1280 2489 1314 2522 p.
1342 2479 1437 2518 1110,
1456 2479 1513 2522 51)
1537 2476 1731 2514 Pindarum
1754 2477 1847 2514 hanc
1869 2490 1975 2524 quam
1998 2479 2210 2514 familiarem
2235 2478 2364 2513 habeat
2388 2480 2600 2515 structuram

203 2536 249 2570 ab
272 2535 424 2569 Homero
445 2535 649 2568 mutuatum
678 2543 754 2569 esse
782 2533 913 2570 tradit:
944 2545 1066 2569 verum
1092 2533 1276 2579 quaerenti
1301 2533 1389 2575 tibi,
1418 2533 1562 2569 ubinam
1591 2534 1685 2580 apud
1706 2535 1810 2570 Hom.
1838 2535 1994 2580 plurales
2022 2534 2325 2571 substantivorum
2352 2534 2491 2578 generis
2520 2547 2588 2571 non

202 2590 366 2627 neutrius
387 2589 605 2636 singularem
625 2588 724 2625 verbi
747 2588 818 2625 sibi
842 2589 1049 2637 adjunctum
1072 2589 1243 2633 habeant,
1273 2590 1468 2636 exemplum
1490 2588 1583 2636 quod
1611 2589 1715 2635 plane
1735 2591 1860 2636 aptum
1882 2590 1950 2634 sit,
1981 2591 2013 2627 si
2035 2591 2112 2637 ipse
2135 2590 2225 2627 satis
2247 2589 2439 2636 diligenter
2458 2589 2503 2626 ad
2526 2591 2591 2628 hoc

202 2647 362 2683 animum
384 2646 540 2687 attendi,
562 2646 702 2681 nullum
725 2648 894 2682 occurret.
941 2647 1033 2681 Nam
1056 2651 1088 2682 P
1108 2648 1174 2682 386
1198 2658 1249 2691 sq.
1274 2658 1383 2691 quum
1404 2646 1517 2690 primo
1539 2647 1616 2681 loco
1641 2648 1801 2693 γούνατα
1823 2648 1980 2692 positum
2002 2650 2111 2690 esset,
2140 2647 2265 2682 deinde
2287 2648 2324 2681 et
2345 2646 2534 2681 masculini
2556 2651 2594 2683 et

201 2703 367 2741 feminini
388 2702 527 2748 generis
550 2701 778 2738 substantiva
799 2713 876 2738 sese
898 2703 1108 2747 exciperent,
1132 2702 1186 2737 ita
1207 2702 1301 2747 apud
1322 2703 1481 2738 animum
1504 2704 1628 2747 poetae
1651 2702 1776 2737 horum
1792 2703 1949 2739 omnium
1971 2703 2074 2748 quasi
2097 2712 2278 2739 commune
2299 2712 2412 2746 genus
2431 2704 2594 2738 neutrum

203 2758 442 2804 praevalebat.
465 2760 507 2794 ut
529 2758 628 2794 verbi
652 2759 800 2793 formam
824 2758 1040 2804 singularem
1065 2756 1273 2794 παλάσσετο
1295 2759 1452 2803 poneret.
1490 2757 1587 2802 Quae
1601 2758 1721 2793 autem
1745 2759 1925 2803 praeterea
1948 2759 2008 2795 La
2030 2758 2175 2795 Roche
2200 2758 2288 2793 HSt.
2313 2768 2348 2802 p.
2372 2759 2434 2792 118
2458 2768 2509 2803 sq.
2534 2761 2597 2794 not

203 2816 307 2850 affert
328 2816 379 2859 (Γ
395 2817 460 2849 327
486 2819 521 2849 Φ
542 2817 618 2849 611.
643 2814 665 2855 ξ
688 2814 786 2858 291),
816 2824 857 2848 ea
878 2813 947 2848 huc
969 2825 1039 2848 non
1063 2814 1240 2858 pertinere
1264 2824 1366 2848 nemo
1389 2816 1445 2848 est
1472 2814 1558 2858 quin
1582 2813 1712 2847 videat.
1759 2813 1840 2848 Jam
1868 2816 2009 2859 reputa,
2039 2824 2185 2860 quaeso,
2216 2811 2302 2858 quid
2324 2812 2366 2847 de
2388 2812 2467 2857 ipsa
2489 2812 2603 2859 figura

204 2869 434 2906 statuendum
456 2868 630 2911 videatur,
656 2880 761 2914 quam
785 2868 962 2905 Pindarus
985 2869 1031 2904 ab
1054 2870 1207 2905 Homero
1229 2871 1416 2904 mutuatus
1440 2879 1516 2904 esse
1539 2868 1691 2904 dicatur.
1740 2885 1743 2887 ·

340 2927 368 2969 ²)
392 2925 480 2960 Ahr.
503 2924 546 2959 de
569 2935 657 2959 cras.
682 2926 720 2959 et
741 2924 921 2970 aphaeres.
947 2935 981 2970 p.
1012 2927 1062 2959 17.
1088 2945 1132 2950 —
1155 2924 1323 2960 Ceterum
1347 2925 1390 2960 cf.
1416 2924 1477 2960 Βὸ.
1503 2925 1576 2960 not.
1602 2923 1716 2960 critic.
1742 2923 1786 2960 ad
1811 2924 1849 2960 P.
1875 2925 1893 2959 I
1916 2928 1970 2960 62.
2002 2946 2032 2952 —
2050 2926 2168 2961 Herm.
2194 2923 2237 2959 ad
2262 2923 2306 2957 N.
2334 2923 2365 2957 X
2390 2925 2432 2958 84
2450 2924 2555 2968 (157).

341 2983 368 3026 ³)
393 2981 447 3015 Cf.
472 2980 521 3015 M.
545 2982 666 3015 annot.
692 2979 807 3014 critic.
835 2979 880 3014 ad
903 2979 944 3015 Ο.
970 2979 1062 3014 XIII
1088 2982 1140 3014 78.
1168 2983 1220 3014 79.
1247 2992 1280 3024 p.
1310 2983 1494 3015 174-181.

339 3038 352 3057 ⁴
392 3036 447 3072 Cf.
471 3036 520 3071 Μ.
545 3038 667 3071 annot.
692 3035 806 3070 critic.
831 3034 875 3070 ad
899 3036 940 3070 0.
967 3035 1059 3069 VIII
1086 3039 1125 3070 16
1148 3047 1180 3080 p.
1210 3039 1282 3070 102.
1311 3036 1400 3070 VIII
1427 3039 1454 3070 1.
1483 3036 1552 3070 VII
1580 3040 1607 3071 l.
1638 3039 1687 3071 16.

391 3092 445 3126 Cf.
471 3091 532 3126 Βὸ.
557 3090 600 3126 de
624 3090 719 3126 crisi.
745 3101 779 3135 p.
805 3092 882 3126 273.

391 3146 602 3181 Rectissime
618 3145 661 3180 de
677 3145 742 3181 hac
758 3156 796 3181 re
812 3145 982 3182 disseruit
999 3147 1075 3191 ipse
1092 3147 1139 3182 Μ.
1157 3147 1195 3181 in
1211 3147 1316 3191 epist.
1334 3146 1378 3181 ad
1395 3147 1452 3181 Fr.
1471 3157 1504 3191 p.
1519 3149 1550 3181 6.
1564 3167 1608 3172 -
1621 3146 1675 3181 Cf.
1695 3146 1755 3181 Βὸ.
1774 3145 1817 3181 de
1834 3148 1934 3183 metr.
1953 3146 2055 3182 Pind.
2075 3146 2136 3182 lib.
2156 3145 2225 3181 111.
2242 3155 2317 3188 cap.
2335 3141 2459 3178 XXIII
2477 3155 2509 3188 p.
2525 3145 2601 3181 318.

390 3201 452 3237 Βὸ.
478 3201 593 3236 Praef.
617 3201 662 3236 ad
686 3201 715 3242 I,
748 3204 763 3237 1
788 3213 823 3247 p.
848 3202 1013 3236 XXXIV.
1039 3204 1076 3237 et
1098 3204 1172 3238 not.
1198 3202 1312 3237 critic.
1337 3202 1382 3238 ad
1406 3202 1447 3238 0.
1474 3201 1526 3236 IX
1551 3204 1604 3238 82.

340 3258 369 3302 ⁸)
394 3257 433 3292 P.
457 3256 529 3291 XII
553 3259 592 3298 6,
618 3257 678 3291 ubi
702 3257 739 3292 in
762 3258 852 3302 ipsis
876 3260 999 3303 poetae
1022 3258 1139 3294 verbis
1162 3258 1243 3294 Vat.
1267 3274 1332 3302 μιν
1355 3258 1513 3298 exhibet,
1547 3258 1676 3293 lemma
1704 3258 1813 3293 schol.
1842 3259 1922 3293 Vat.
1951 3274 2009 3292 μιν
2032 3258 2199 3293 servavit.
2247 3256 2362 3299 Quare
2385 3255 2423 3288 in
2447 3255 2493 3290 iis
2516 3254 2602 3291 locis

204 3313 264 3348 hic
287 3312 512 3348 annumerari
536 3311 668 3357 potuit,
694 3312 755 3358 qui
778 3327 840 3348 νιν
863 3312 1006 3349 habent.

339 3040 368 3244 ὁδόν
