2864 3499
1243 112 1571 158 —10-

205 246 414 297 singularis
444 242 529 283 ἴσθι
558 255 636 283 11011
666 244 758 294 poni
786 255 905 294 posse
942 246 1124 294 putemus
1161 243 1237 282 nisi
1270 241 1487 288 ἀσυνδέτως
1521 243 1562 281 111
1589 243 1675 292 ipso
1704 242 1895 281 enunciati
1924 242 2062 281 initio?
2133 244 2186 282 Et
2214 244 2248 284 si
2276 257 2410 284 verum
2441 244 2606 294 quaeris,

205 313 297 352 illud
325 312 455 362 ipsum
482 308 568 351 ἴσθι
596 315 756 361 praeter
782 310 885 350 hunc
911 323 1025 360 quem
1054 312 1263 349 tractamus
1292 310 1416 349 locum
1449 310 1507 349 sic
1544 310 1584 348 in
1622 310 1708 359 ipso
1747 309 1856 348 initio
1893 321 1971 348 non
2009 311 2203 360 reperitur
2231 312 2306 351 nisi
2334 313 2445 351 Nem.
2475 312 2511 349 V
2540 313 2606 351 48.

203 380 286 419 Hoc
316 390 394 418 uno
422 390 516 418 vero
545 378 725 429 exemplo
753 377 852 418 aliae
881 377 1052 416 rationes
1081 388 1105 414 a
1133 375 1303 415 Pindaro
1331 388 1407 415 non
1436 375 1704 415 excludantur.
1772 375 1861 415 Non
1889 375 2009 427 igitur
2037 379 2144 417 recte
2172 377 2302 418 facere
2331 378 2505 428 videtur,
2541 379 2608 430 qui

203 445 348 486 codicis
375 444 470 484 illud
498 442 606 496 ὁμῶς
635 440 700 491 ὦν,
725 447 770 484 ut
798 442 1015 493 asyndeton
1044 441 1248 491 efficiatur,
1277 443 1413 492 utique
1442 442 1663 482 necessario
1692 442 1741 481 ad
1770 442 1892 481 verba
1919 443 2195 493 praecedentia
2223 445 2493 485 retrahendum
2520 457 2606 485 esse

202 513 307 553 dicit.
339 533 395 541 -
422 513 572 560 Restat,
602 515 647 551 ut
675 523 915 561 quaeramus,
945 511 1138 560 quomodo
1167 511 1218 550 ad
1247 522 1403 551 sensum
1430 521 1534 549 nova
1561 510 1873 551 Mommsenii
1900 510 2013 550 lectio
2042 514 2137 560 apta
2163 512 2228 552 sit.
2290 512 2608 562 Leutschius

201 579 359 631 quidem
379 579 610 620 sententiam
638 578 823 627 languere
852 577 1060 618 existimat.
1108 578 1161 617 Et
1188 578 1222 618 si
1252 578 1341 628 quis
1371 589 1525 617 versum
1554 577 1743 618 decimum
1770 575 1811 617 ἐκ
1833 578 1932 617 θεοῦ
1959 577 2036 617 κτλ.
2066 577 2123 616 118
2144 578 2310 630 intelligi
2330 580 2412 620 vult
2431 584 2475 620 ut
2495 584 2607 621 vetus

202 648 267 687 ille
297 647 521 697 explicator,
558 656 635 684 non
666 656 827 694 possum
855 645 951 694 quin
978 644 1206 685 adversario
1235 645 1437 686 assentiar.
1509 644 1609 683 Nam
1638 645 1728 694 quis
1756 645 1830 685 hoc
1857 644 2025 695 probat?
2095 645 2310 694 „Equidem
2338 647 2525 689 divinitus
2552 649 2607 688 in·

204 715 311 766 genii
339 712 532 765 sapientia
557 712 695 758 floreo;
739 712 827 763 pari
855 711 974 764 igitur
1003 712 1163 761 ratione,
1208 712 1316 761 scito,
1358 715 1396 751 te
1425 714 1600 752 canam.“
1675 711 1751 751 Sed
1781 712 1868 762 quis
1898 715 1969 761 est,
2009 712 2064 753 sic
2093 712 2234 752 iterum
2260 724 2375 764 rogo,
2418 715 2484 765 qui
2509 715 2609 757 hanc

204 782 435 821 scholiastae
459 780 649 819 rationem
676 780 840 829 probet?
897 779 1076 826 „Invidia
1103 779 1228 829 major
1254 780 1340 819 laus
1361 778 1576 829 Olympicis
1605 779 1817 818 victoribus
1847 780 1943 818 haec
1971 780 2203 829 praebetur:
2234 780 2272 818 id
2301 781 2455 829 quidem
2475 786 2609 823 nostra

204 849 337 899 lingua
359 858 573 898 procurare
598 846 704 893 vult3
735 845 920 885 divinitus
943 845 1044 884 enim
1073 857 1147 896 ego
1176 845 1418 897 sapientibus
1445 846 1564 885 floreo
1592 845 1830 896 praecordiis
1857 846 2044 896 pariter
2071 846 2097 885 i.
2121 858 2156 886 8.
2177 850 2221 885 111
2240 849 2294 895 tu,
2321 848 2388 897 qui
2408 849 2608 891 victoriam

202 914 455 967 reportavisti
479 912 764 964 Olympicam.“
818 913 865 952 Id
892 925 1019 963 neque
1048 913 1278 964 intelligitur
1304 916 1345 953 et
1372 913 1491 953 multo
1519 913 1644 964 magis
1672 913 1843 964 languet.
1901 912 2044 952 Verum
2072 925 2121 953 ne
2149 913 2294 954 diutius
2322 914 2488 964 dubites,
2517 918 2610 968 quid

202 984 287 1033 ipse
311 982 439 1029 velim,
469 980 576 1031 quod
597 980 638 1019 in
667 992 786 1020 versu
813 984 874 1020 10.
902 980 1045 1031 legitur
1072 983 1217 1031 σοφαῖς
1244 978 1497 1033 πραπῶεσσιν
1526 980 1640 1031 longe
1670 979 1783 1019 aliter
1811 979 1986 1030 intelligo
2014 982 2134 1030 atque
2163 993 2189 1020 a
2213 982 2354 1021 ceteris
2377 982 2609 1023 intellectum

202 1062 288 1090 esse
318 1048 445 1087 video.
517 1047 596 1086 Sed
626 1050 670 1086 ut
696 1047 829 1086 ordine
858 1058 1070 1096 exponam,
1113 1059 1138 1086 a
1167 1046 1387 1087 definitione
1425 1047 1576 1086 initium
1604 1045 1684 1085 fiat.
1757 1046 1994 1085 Vocabulum
2032 1046 2134 1086 enim
2160 1046 2309 1098 σοφός
2336 1051 2426 1098 post
2452 1049 2610 1089 Homeri

201 1121 380 1166 tempora
408 1117 544 1154 natum
573 1114 751 1164 primitus
780 1113 875 1153 nihil
905 1114 1011 1153 aliud
1041 1115 1198 1154 valebat
1225 1115 1301 1154 nisi
1329 1115 1491 1164 peritus,
1532 1114 1617 1153 sive
1646 1114 1790 1154 callens
1818 1116 1941 1153 artem
1969 1113 2151 1163 aliquam,
2181 1114 2237 1153 ita
2265 1118 2309 1154 ut
2337 1116 2458 1165 prisci
2486 1115 2610 1167 σοφόν

203 1185 391 1222 vocarent
415 1181 593 1232 quemvis
621 1180 817 1228 artificem,
847 1181 963 1231 quale
992 1181 1212 1231 exemplum
1240 1185 1300 1220 est
1329 1179 1454 1232 σοφὸς
1481 1179 1620 1219 τέκτων
1649 1181 1713 1220 vel
1741 1178 1974 1232 κιθαρῳδός.
2044 1181 2151 1220 Haec
2179 1182 2377 1231 primitiva
2406 1183 2466 1223 vis
2495 1184 2611 1222 etiam

204 1249 308 1299 apud
336 1249 550 1287 Pindarum
580 1248 696 1285 valet.
769 1246 830 1285 cf.
860 1248 906 1284 P.
936 1247 971 1284 V
1007 1250 1081 1288 107
1115 1246 1388 1298 ἁρματηλάτας
1416 1246 1551 1297 σοφός.
1610 1248 1657 1284 P.
1688 1248 1782 1285 VIII
1814 1251 1864 1285 74
1894 1245 2021 1297 σοφὸς
2046 1248 2155 1285 δοκεῖ
2183 1247 2267 1299 βίον
2296 1248 2528 1300 κορυσσέμεν
2555 1264 2612 1285 z:
2631 1268 2639 1277 x

204 1315 358 1366 peritus
388 1318 428 1353 et
456 1314 592 1353 dexter
620 1313 671 1352 ad
699 1313 915 1364 augendam
944 1325 1025 1352 rem
1054 1313 1296 1354 familiarem.
1354 1315 1465 1352 Nem.
1496 1313 1570 1352 VII
1602 1311 1650 1353 17
1692 1309 1810 1363 σοφοὶ
1849 1313 2121 1365 κυβερνητῆρες
2158 1314 2234 1353 8118
2263 1315 2414 1354 similia.
2487 1315 2611 1364 Quum

204 1384 334 1422 autem
363 1394 411 1420 ea
437 1380 578 1431 peritia
605 1392 700 1419 vera
728 1380 790 1427 sit,
830 1392 948 1430 quam
977 1380 1066 1430 quis
1095 1393 1120 1419 a
1148 1384 1289 1420 natura
1318 1381 1472 1420 insitam
1500 1379 1630 1427 habet,
1671 1379 1776 1430 apud
1806 1379 2018 1419 Pindarum
2047 1378 2173 1431 σοφός
2200 1393 2286 1420 8888
2314 1382 2436 1421 solet:
2480 1395 2505 1421 a
2530 1395 2612 1421 na—

204 1453 318 1489 tura
346 1448 526 1487 doctus
555 1447 782 1497 aliquam
811 1449 992 1494 artem,
1036 1446 1187 1486 theoria
1215 1447 1334 1497 igitur
1367 1446 1645 1486 fundamentali
1674 1447 1900 1486 instructus.
1972 1445 2033 1485 Cf.
2064 1447 2109 1485 P.
2140 1447 2160 1486 1
2191 1449 2241 1486 42
2271 1445 2388 1499 σοφοὶ
2418 1446 2480 1487 καὶ.
2508 1445 2611 1501 χερσὶ

204 1512 332 1568 βιαταὶ
351 1512 610 1566 περίγλωσσοί
625 1512 653 1552 τ’
685 1512 780 1564 ἔφυν
807 1514 834 1552 i.
862 1526 896 1553 e.
925 1517 1152 1554 nascuntur.
1204 1513 1251 1554 Ο.
1280 1514 1338 1553 IX
1358 1516 1409 1553 28
1440 1511 1556 1564 σοφοὶ
1584 1511 1681 1553 κατὰ
1710 1511 1855 1564 δαίμον’
1888 1510 2024 1565 ἄνδρες
2051 1511 2230 1565 ἐγένοντο.
2285 1513 2332 1554 Ο.
2353 1515 2392 1554 11
2413 1517 2464 1555 86
2488 1513 2612 1566 σοφὸς

202 1581 224 1621 ὁ
249 1580 375 1621 πολλὰ
403 1579 514 1626 εἰδὼς
542 1583 635 1633 φυᾷ,
678 1582 747 1620 11111
776 1582 986 1631 opponitur
1014 1580 1156 1632 μαθών
1186 1582 1211 1620 1.
1242 1593 1276 1620 8.
1306 1582 1373 1631 (1111
1403 1582 1585 1631 peritiam
1615 1582 1699 1621 sola
1726 1584 1810 1621 arte
1838 1581 2067 1631 acquisitam
2098 1593 2171 1631 per
2199 1582 2450 1623 imitationem
2479 1582 2610 1622 habet.

202 1651 290 1689 Jam
321 1661 413 1689 vero
441 1653 486 1688 ut
515 1647 640 1699 σοφός
666 1648 780 1688 1101110
809 1649 984 1699 cujusvis
1014 1649 1110 1688 artis
1137 1649 1290 1700 peritus
1313 1649 1466 1697 dicitur,
1505 1650 1561 1687 ita
1588 1649 1764 1699 inprimis
1793 1648 1843 1687 ad
1876 1648 2013 1699 poesin
2040 1648 2221 1698 pertinet,
2261 1661 2307 1688 80
2337 1652 2458 1688 semet
2485 1650 2612 1700 ipsum

204 1730 337 1757 verum
367 1721 522 1767 poetam
552 1715 677 1767 σοφόν
703 1716 898 1756 Pindarus
928 1720 967 1755 et
997 1729 1105 1756 suam
1130 1720 1252 1756 artem
1283 1715 1423 1767 σοφίαν
1453 1717 1559 1756 dicit.
1617 1716 1679 1756 cf.
1704 1716 1751 1756 Ο.
1776 1718 1794 1755 Ι
1829 1720 1919 1755 116.
1977 1715 2092 1763 Quod
2120 1728 2238 1765 quum
2266 1719 2399 1755 notum
2429 1721 2543 1764 esset,
2573 1721 2612 1756 et

203 1788 356 1823 veteres
385 1787 425 1823 et
453 1784 691 1823 recentiores
718 1784 956 1834 interpretes
985 1784 1101 1822 etiam
1133 1784 1189 1832 id,
1232 1783 1280 1823 de
1320 1796 1398 1834 quo
1433 1783 1497 1823 hic
1526 1785 1673 1835 agitur,
1718 1786 1860 1834 σοφαῖς
1888 1780 2141 1834 πραπίδεσσιν
2169 1782 2220 1822 ad
2248 1783 2373 1833 ipsum
2403 1784 2612 1824 Pindarum

203 1854 242 1889 et
272 1850 358 1901 ejus
386 1852 511 1889 artem
541 1850 767 1889 retulerunt.
840 1850 941 1888 Hinc
971 1850 1107 1889 turbae
1136 1850 1447 1900 explicationum‚
1487 1851 1628 1901 quibus
1662 1851 1769 1889 locus
1799 1853 1966 1889 vexatus
1992 1854 2064 1888 est.
2137 1850 2328 1888 Nimirum
2356 1850 2471 1900 longe
2500 1863 2612 1890 secus

203 1920 281 1957 est:
311 1914 501 1968 προίπιδες
521 1914 654 1966 σοφαί,
682 1916 722 1955 1(1
742 1916 845 1965 (111οᾱ
865 1916 979 1956 1110ᾱο
999 1917 1175 1966 exposui,
1206 1916 1257 1955 ad
1281 1918 1438 1968 egregie
1460 1916 1723 1967 perpetranda
1746 1916 1922 1957 facinora
1943 1916 2071 1956 omnia
2093 1917 2289 1966 pertinent
2309 1920 2348 1956 et
2367 1916 2430 1956 hic
2449 1918 2611 1957 maxime

203 1995 334 2022 eorum
364 1986 464 2031 sunt,
494 1984 562 2033 qui
592 1983 761 2023 victores
791 1982 987 2033 Olympici
1016 1983 1263 2022 exstiterunt.
1322 1983 1387 2023 Sic
1414 1984 1453 2022 in
1481 1984 1650 2023 carmine
1679 1995 1780 2023 nono
1810 1995 1869 2023 vs.
1900 1985 1951 2022 28
1981 1994 2067 2033 sqq.
2097 1981 2251 2035 ἀγαθὸς
2278 1980 2341 2022 καὶ
2369 1982 2494 2034 σοφός
2515 1984 2610 2023 Η81-

203 2051 308 2090 011188
331 2051 457 2090 victor
486 2050 749 2100 praedicatur.
808 2050 860 2088 Et
889 2050 929 2089 in
958 2050 1092 2090 eodem
1122 2051 1292 2089 carmine
1321 2063 1380 2089 vs.
1415 2054 1488 2089 107
1521 2063 1594 2100 sq.,
1623 2051 1690 2089 ubi
1720 2048 1854 2101 σοφίαι
1878 2049 2057 2089 dicuntur
2086 2048 2262 2097 αἰπειναί,
2293 2061 2370 2088 11118
2398 2062 2531 2089 earum
2553 2054 2613 2090 est

204 2116 325 2168 σοφία
344 2117 595 2167 Epharmosti
623 2115 882 2171 luctatoris¹).
941 2118 994 2157 Ut
1023 2121 1153 2157 autem
1182 2117 1469 2168 Epharmostus
1495 2116 1636 2168 σοφίαν
1663 2129 1773 2157 8118111
1801 2114 1981 2169 δαιμονίᾳ
2010 2116 2085 2166 (ΙΧ
2111 2117 2207 2166 110)
2236 2116 2433 2166 accepisse
2460 2116 2612 2165 dicitur,

204 2185 259 2223 ita
286 2185 326 2222 in
353 2183 427 2223 hoc
455 2184 624 2223 carmine
645 2183 938 2234 Olympionicae
968 2184 1017 2222 ob
1047 2182 1187 2235 σοφίαν
1216 2184 1402 2224 divinitus
1431 2186 1632 2234 acceptam
1662 2184 1912 2234 praedicandi
1936 2183 2173 2235 dicuntur2).
2230 2184 2317 2222 Jam
2337 2183 2503 2233 denique
2531 2186 2612 2223 uni-

205 2263 342 2291 versus
371 2250 651 2291 sententiarum
681 2264 805 2291 nexus
832 2251 896 2291 hic
923 2256 995 2292 est.
1053 2251 1186 2300 „Alias
1214 2251 1387 2292 homines
1416 2252 1579 2291 aliarum
1608 2263 1737 2290 rerum
1765 2250 1951 2302 indigent,
1980 2250 2093 2290 modo
2121 2253 2324 2290 ventorum
2351 2249 2463 2290 modo
2492 2263 2613 2301 aqua·

204 2331 289 2358 rum
313 2318 545 2369 pluviarum.
605 2317 647 2358 Si
670 2318 758 2368 quis
788 2331 882 2359 vero
910 2318 1108 2359 laboribus
1137 2320 1340 2359 victoriam
1369 2322 1602 2360 consecutus
1631 2322 1702 2367 est,
1731 2318 1887 2369 hymnis
1914 2322 2014 2371 eget,
2043 2330 2143 2369 (11188
2173 2318 2322 2358 initium
2351 2318 2430 2358 sint
2458 2318 2612 2358 futurae

204 2387 410 2425 memoriae
439 2388 478 2425 et
508 2386 655 2436 pignus
685 2398 913 2437 magnarum
943 2387 1139 2426 virtutum.
1213 2386 1419 2429 Merentur
1447 2390 1577 2426 autem
1615 2386 1781 2426 omnium
1813 2386 1960 2437 judicio
1989 2386 2166 2436 inprimis
2196 2384 2486 2436 Olympionicae
2514 2386 2613 2426 hanc

204 2454 412 2492 carminum
436 2452 601 2492 laudem.
660 2453 780 2493 Tales
804 2453 959 2502 quidem
982 2454 1115 2493 laudes
1144 2466 1218 2503 ego
1240 2466 1450 2503 procurare
1480 2453 1589 2492 volo:
1618 2453 1688 2492 sed
1715 2453 1902 2492 divinitus
1931 2453 1992 2491 vir
2020 2453 2216 2502 ingenium
2245 2452 2374 2499 habet,
2404 2464 2480 2501 (1110
2501 2465 2613 2502 prae-

204 2519 312 2558 clara
340 2522 541 2569 geruntur.
608 2520 722 2558 Pari
750 2520 908 2569 igitur
937 2520 1071 2559 modo
1100 2525 1140 2559 te
1167 2532 1350 2570 quoquae
1378 2533 1516 2560 canam
1541 2549 1550 2559 .
1569 2548 1578 2557 .
1598 2522 1633 2558 .“
1700 2520 1772 2559 Vel
1801 2523 1844 2558 ut
1872 2519 2032 2559 brevius
2067 2519 2170 2568 quod
2199 2518 2401 2568 quaeritur
2427 2519 2611 2558 indicem:

203 2584 559 2633 „Quemadmodum
587 2586 743 2624 omnino
771 2597 900 2624 meum
937 2590 998 2624 est
1039 2584 1108 2637 (cf.
1141 2585 1188 2626 Ο.
1218 2586 1237 2625 Ι
1272 2584 1368 2638 115)
1409 2585 1763 2636 Olympionicarum
1801 2585 1935 2625 laudes
1975 2585 2210 2625 carminibus
2247 2584 2443 2624 celebrare
2473 2586 2546 2625 sic
2574 2588 2612 2624 te

202 2663 359 2701 quoque
388 2654 561 2690 canam.“
630 2653 732 2690 Nam
758 2652 865 2701 quod
893 2653 1164 2702 interpositum
1193 2656 1253 2691 est
1282 2651 1322 2690 ἐκ
1350 2655 1450 2691 θεοῦ
1480 2651 1515 2690 δ’
1550 2649 1647 2703 ἀνὴρ
1676 2655 1818 2703 σοφαῖς
1846 2651 1968 2690 ἀνθεῖ
1987 2650 2253 2704 πραπίδεσσιν,
2291 2651 2365 2688 1100
2394 2651 2466 2689 8011
2494 2663 2614 2701 oppo-

204 2717 335 2758 sitioni
363 2717 526 2757 inservit
554 2717 604 2757 ad
633 2717 673 2757 id
701 2718 901 2769 pertinens
930 2718 1035 2769 quod
1062 2718 1258 2758 antecedit
1295 2715 1343 2757 τὰ
1381 2715 1448 2770 μὲν
1487 2716 1653 2771 ἁμετέρα
1688 2719 1843 2771 γλῶσσα
1870 2716 2082 2770 ποιμαίνειν
2111 2716 2248 2757 ἐθέλει.
2321 2717 2399 2756 Ρ81·
2427 2714 2533 2769 ὁμῶς
2561 2712 2613 2756 ὦν

204 2789 334 2825 81118111
363 2798 389 2824 8
418 2785 619 2825 sententiis
647 2786 688 2824 in
720 2786 945 2825 universum
985 2787 1198 2836 propositis
1235 2786 1425 2825 transitus
1464 2785 1507 2825 fit
1544 2786 1596 2825 ad
1630 2786 1671 2824 id
1708 2785 1812 2835 quod
1849 2789 1968 2837 poeta
2006 2786 2094 2826 huic
2135 2786 2211 2836 ipsi
2242 2786 2379 2825 victori
2407 2785 2612 2836 promittit.

206 2851 265 2890 Of.
296 2851 343 2891 Ο.
374 2852 394 2890 Ι
429 2854 502 2890 111
536 2848 620 2901 ἐμοὶ
648 2849 716 2901 μὲν
745 2848 797 2890 ὦν
821 2853 957 2892 Μοῖσα
984 2853 1063 2891 κτλ.
1124 2852 1171 2892 Ο.
1200 2853 1257 2892 ΠΙ
1289 2855 1338 2892 38
1368 2850 1432 2902 ἐμὲ
1462 2851 1494 2891 δ’
1528 2848 1580 2891 ὦν
1610 2867 1667 2904 πᾳ
1694 2850 1826 2902 θυμὸς
1853 2850 2003 2904 ὀτρύνει
2034 2851 2161 2904 φάμεν
2191 2853 2267 2901 κτλ..
2298 2852 2387 2891 8(1(1.
2416 2852 2448 2890 Ι.
2477 2852 2516 2890 11
2549 2855 2611 2891 12.

343 3038 368 3081 ¹)
394 3036 448 3072 cf.
475 3036 612 3072 scholia
635 3036 681 3071 ad
705 3036 745 3072 O.
772 3036 810 3071 H
834 3039 888 3072 52.
917 3059 959 3063 —
982 3037 1021 3073 C.
1047 3037 1088 3073 O.
1114 3037 1274 3073 Mueller.
1298 3037 1386 3073 hist.
1413 3037 1509 3073 liter.
1535 3049 1590 3082 gr.
1617 3037 1635 3072 I
1659 3050 1692 3083 p.
1717 3040 1795 3074 402.

343 3091 371 3135 ²)
395 3091 613 3135 Scholiasta,
643 3103 747 3138 quem
769 3092 954 3140 πράπιδας
979 3093 1092 3141 σοφάς
1120 3093 1234 3138 ipsius
1263 3095 1387 3138 poetae
1415 3093 1636 3130 intellexisse
1665 3093 1756 3136 dixi,
1786 3104 1894 3139 quum
1918 3104 2020 3140 saepe
2042 3093 2136 3140 apud
2159 3091 2353 3129 Pindarum
2377 3091 2461 3127 haec
2483 3091 2551 3128 duo
2577 3095 2614 3128 ἐκ

205 3148 297 3181 θεοῦ
324 3149 361 3182 et
383 3151 457 3195 φυᾷ
479 3148 573 3183 idem
596 3149 799 3195 significare
822 3149 1045 3184 meminisset
1068 3171 1110 3175 —
1135 3150 1176 3184 O.
1204 3149 1257 3183 IX
1286 3152 1359 3185 100.
1388 3153 1450 3186 103
1472 3151 1515 3186 τὸ
1541 3153 1615 3197 φυᾷ
1636 3176 1647 3187 .
1661 3174 1671 3184 .
1685 3175 1694 3184 .
1722 3149 1809 3184 ἄνευ
1833 3149 1872 3184 δὲ
1894 3151 1999 3186 θεοῦ.
2023 3150 2064 3186 Ο.
2106 3150 2144 3184 Π
2169 3152 2208 3185 81
2235 3149 2343 3196 σοφὸς
2368 3151 2453 3195 φυᾷ.
2498 3149 2552 3183 Cf.
2570 3149 2612 3184 P.

204 3202 222 3237 I
239 3205 293 3239 41.
318 3206 362 3240 42
386 3225 430 3230 —
454 3204 563 3239 etiam
586 3205 645 3240 hic
668 3205 713 3240 ad
735 3206 827 3241 κατὰ
850 3204 890 3242 δὲ
911 3204 1091 3251 βούλησιν
1112 3205 1282 3251 δαίμονος
1304 3206 1445 3242 addidit
1468 3209 1556 3244 ἴσως
1576 3212 1636 3242 καὶ
1658 3205 1763 3250 αὐτῷ
1788 3210 1843 3250 τῷ
1865 3208 1991 3253 τρόπῳ
2014 3206 2124 3254 σοφός
2146 3207 2171 3242 i.
2189 3217 2218 3241 e.
2244 3206 2394 3240 fortasse
2416 3204 2524 3240 etiam
2547 3205 2613 3241 hoo

203 3257 317 3294 valet:
348 3259 454 3295 homo
478 3260 557 3305 ipsa
581 3262 711 3296 natura
733 3261 853 3309 σοφός.
905 3262 1007 3306 Quod
1029 3272 1153 3297 moneo
1174 3262 1258 3308 quia
1280 3262 1369 3298 mire
1391 3263 1430 3298 in
1454 3263 1513 3297 his
1536 3262 1749 3298 scholiastae
1773 3262 1889 3298 verbis
1913 3262 2144 3309 explanandis
2167 3263 2321 3298 erratum
2350 3271 2425 3295 esse
2448 3260 2537 3296 mihi
2561 3261 2614 3297 vi-

203 3313 318 3349 detur.
367 3316 500 3352 Caveas
525 3327 607 3351 vero
632 3328 710 3351 cum
734 3318 905 3353 Hartun
913 3318 986 3363 gio
1010 3318 1145 3354 scribas
1170 3322 1226 3363 τῷ
1251 3317 1354 3363 αὐτῷ
1377 3318 1517 3365 τρόπῳ.
