2864 3499
1278 115 1574 161 -8-

238 246 388 285 omnino
417 247 572 285 servata
598 247 764 294 exstant,
793 257 1001 296 corumque
1029 246 1194 297 vestigia
1222 248 1476 288 certissimum
1505 250 1706 298 praest-ant
1733 246 1922 294 auxilium,
1952 245 2055 296 quod
2083 246 2132 286 ad
2162 248 2313 290 codices
2343 251 2408 300 qui
2436 250 2613 291 dicuntur

233 311 439 351 firmandos
467 313 507 350 et
535 311 782 362 corrigendos
810 311 982 351 adhiberi
1009 313 1145 362 possit.
1202 313 1285 353 Hoc
1316 314 1506 353 luculento
1545 314 1720 364 exemplo
1754 313 1956 353 ostendere
1991 313 2095 353 volui
2120 314 2159 353 in
2188 318 2502 358 commentatione
2529 328 2613 356 mea

233 379 280 418 de
302 378 348 419 Ο.
368 378 419 417 Π.
441 378 588 428 scripta
613 390 654 428 p.
677 376 903 430 33—361).
945 379 1026 418 Nec
1046 378 1167 418 solum
1187 379 1253 418 ubi
1281 379 1387 430 ipsas
1417 380 1601 421 lectiones
1629 380 1826 430 praebent,
1855 379 1936 428 sed,
1965 379 2004 419 id
2023 380 2126 429 quod
2152 381 2408 434 Bergkius
2435 384 2614 436 praeivit,

233 446 349 485 etiam
375 448 460 485 tum
487 445 582 485 haec
611 444 756 485 scholia
782 447 955 485 veterum
985 447 1162 485 accurate
1191 446 1420 486 consulenda
1455 450 1563 495 sunt,
1602 459 1719 497 quum
1755 445 1980 498 explicando
2021 457 2174 486 sensum
2210 448 2391 491 indicant.
2446 453 2613 492 Exstant

233 516 361 552 autem
381 512 483 552 duae
501 513 760 552 recensiones:
790 511 934 551 scholia
952 514 1087 550 vetera
1106 513 1284 563 vulgaria
1303 515 1341 552 et
1363 513 1507 553 scholia
1528 512 2080 554 Vratislaviensia—Momm
2092 515 2224 554 senio
2243 529 2342 558 nunc
2361 517 2613 558 Ambrosiana

234 602 289 609 —-
317 592 339 619 e
366 580 498 619 codice
535 578 647 617 valde
685 581 869 628 corrupto
895 578 1188 618 Vratislaviensi
1227 580 1389 629 primum
1418 594 1439 619 a
1481 581 1725 620 Boeckhio
1764 581 1885 620 edita:
1930 579 2026 619 haec
2063 580 2112 620 ad
2151 583 2233 622 sola
2263 583 2462 636 Olympia,
2499 587 2564 625 illa
2590 598 2611 625 e

235 647 362 686 Vatic.
390 646 435 693 B,
463 644 645 694 Gotting.‚
674 645 800 683 Palat.
829 643 872 693 G,
902 643 1058 684 Caesar.
1102 645 1137 683 A
1165 645 1366 696 desumpta
1393 646 1442 685 ad
1468 647 1594 686 omnia
1623 648 1792 688 carmina
1820 649 2013 698 pertinent
2023 648 2073 698 ²).
2124 647 2198 688 Sed
2228 649 2278 688 ad
2308 651 2481 702 singulos
2509 653 2612 692 locos

231 712 453 752 tractandos
481 710 692 750 redeamus.

365 788 411 829 Ο.
442 789 497 829 XI
528 790 589 839 (x)
626 792 685 828 10.
725 789 798 829 Hic
826 801 963 830 versus
990 790 1029 828 in
1060 790 1167 830 libris
1196 790 1361 831 vetustis
1390 793 1478 831 ante
1507 791 1558 830 Μ.
1589 791 1690 832 notis
1718 790 1869 840 quidem
1898 792 2071 833 omnibus
2100 793 2155 832 ita
2183 792 2404 833 exhibetur:

920 864 960 907 ἐκ
987 868 1085 907 θεοῦ
1114 864 1145 907 δ’
1177 864 1273 920 ἀνὴρ
1302 871 1443 920 σοφαῖς
1470 866 1590 908 ἀνθεῖ
1612 865 1913 920 πραπιῦεσσι[ν].

231 945 504 995 Moschopulus
533 948 662 984 autem
701 957 817 995 quum
846 957 894 984 ex
927 944 1088 995 stropha
1124 958 1278 985 versum
1307 947 1477 986 mutilum
1517 959 1602 987 esse
1632 948 1896 998 cognovisset,
1932 959 2063 988 vocem
2101 949 2343 999 trisyllabam
2381 949 2489 990 ἐσαεί
2522 956 2612 992 ante

231 1010 482 1064 πραπίδεσσιν
511 1012 670 1061 invexit,
698 1012 797 1052 unde
825 1012 941 1063 vulgo
968 1012 1024 1053 ita
1051 1013 1276 1065 legebatur:

878 1088 919 1129 ἐκ
946 1093 1045 1129 θεοῦ
1075 1088 1106 1129 δ’
1136 1088 1232 1142 ἀνὴρ
1262 1095 1403 1142 σοφαῖς
1431 1090 1549 1131 ἀνθεῖ
1572 1090 1673 1131 ε’σαεὶ
1699 1092 1961 1144 πραπίδεσσιν.

231 1166 354 1214 Quam
383 1167 583 1207 lectionem
611 1167 855 1217 Bergkius
883 1167 939 1207 ita
967 1169 1150 1216 mutavit,
1179 1171 1222 1208 ut
1251 1166 1373 1208 ἐσαιεί
1395 1169 1433 1208 ἰῐι
1462 1168 1536 1208 fine
1564 1182 1702 1210 versus
1729 1173 1907 1219 poneret:

876 1242 916 1282 ἐκ
942 1246 1041 1283 θεοῦ
1070 1243 1102 1283 δ’
1132 1242 1228 1297 ἀνὴρ
1258 1249 1399 1297 σοφαῖς
1426 1244 1545 1284 ἀνθεῖ
1566 1244 1817 1298 πραπίδεσσιν
1846 1246 1971 1286 ε’σαιεί.

228 1323 344 1361 Nunc
372 1334 464 1360 vero
492 1322 562 1369 Μ.,
591 1333 707 1371 quum
735 1322 774 1359 in
804 1321 894 1360 Par.
925 1320 959 1360 G
987 1320 1107 1360 ἀνθεῖ
1129 1321 1322 1375 πραπίσιν.
1361 1321 1466 1374 ὅμως
1495 1320 1546 1362 ὧν
1576 1322 1658 1362 ἴσθι
1690 1327 1772 1372 νῦν,
1803 1325 1841 1363 in
1870 1325 1978 1366 Leid.
2024 1324 2054 1363 C
2083 1329 2122 1364 et
2149 1325 2281 1364 Ambr.
2314 1326 2347 1365 G
2376 1325 2493 1366 ἀνθεῖ
2517 1342 2608 1379 πρα-

229 1386 409 1428 πίδεσσιν.
449 1385 553 1438 ὅμως
581 1383 634 1427 ὧν
664 1384 749 1427 ἴσθι
777 1388 843 1427 νῦν
870 1387 997 1428 inesse
1025 1388 1175 1437 viderit,
1204 1390 1259 1429 ita
1288 1389 1438 1429 scribit:

831 1464 871 1505 ἐκ
897 1468 996 1505 θεοῦ
1025 1465 1057 1505 δ>
1087 1464 1183 1518 ἀνὴρ
1213 1471 1355 1518 σοφαῖς
1381 1467 1501 1507 ἀνθεῖ
1521 1466 1782 1519 πραπίδεσσιν.
1822 1466 1927 1518 ὅμως
1956 1464 2007 1508 ὧν

828 1529 912 1573 ἴσθι
940 1534 1006 1573 νῦν
1023 1531 1274 1586 Ἀρχεστάτου

829 1612 899 1637 παι
926 1619 982 1628 -

227 1677 440 1725 Antequam
471 1680 598 1714 autem
627 1677 666 1713 in
694 1676 794 1715 hanc
821 1677 945 1725 ipsam
974 1677 1172 1715 lectionem
1200 1690 1338 1716 novam
1367 1678 1614 1726 inquiramus,
1643 1679 1691 1716 de
1719 1679 1978 1717 additamento
2006 1680 2083 1726 illo,
2113 1680 2214 1727 quod
2242 1681 2293 1718 M.
2322 1681 2476 1729 rejecit,
2505 1681 2612 1720 ἐσαεί

227 1743 421 1781 videamus
449 1741 542 1791 quid
565 1741 813 1791 judicandum
842 1742 905 1781 sit.
961 1742 1044 1781 Nec
1072 1742 1238 1781 dubitari
1267 1747 1407 1792 potest,
1434 1744 1525 1792 quin
1554 1756 1601 1782 ex
1631 1744 1703 1783 hoc
1731 1744 1811 1783 sch.
1840 1748 1918 1783 vet.
1949 1745 2189 1795 desumptum
2219 1747 2288 1785 sit:
2328 1744 2425 1785 κατὰ
2453 1744 2492 1785 δὲ
2519 1746 2607 1799 βού-

226 1812 332 1862 λησιν
360 1806 540 1859 δαίμονος
567 1804 658 1854 ἴσως
685 1804 747 1848 καὶ
776 1805 880 1858 αὐτῷ
908 1810 962 1858 τῷ
997 1806 1129 1861 τρόπῳ
1167 1807 1289 1860 σοφὸς
1318 1807 1582 1855 διαπαντὸς
1621 1808 1740 1849 ἀνθεῖ
1771 1814 1855 1856 ταῖς
1889 1809 2063 1864 γνώμαις.
2121 1810 2200 1852 ἀπὸ
2228 1810 2299 1865 γὰρ
2329 1812 2442 1860 θείας
2468 1813 2606 1865 μοίρας

225 1874 408 1929 μουσικός
445 1890 502 1921 τις
530 1872 590 1915 καὶ
634 1873 766 1928 ἔξοχος
793 1873 952 1927 λάμπει,
989 1874 1132 1927 ὁμοίως
1172 1873 1300 1929 ὥσπερ
1328 1873 1390 1916 καὶ
1418 1874 1465 1916 σὺ
1504 1875 1706 1929 νενίκηκας.
1763 1880 1877 1917 τοῦτο
1913 1874 1953 1917 δὲ
1986 1875 2085 1931 πρὸς
2116 1876 2165 1919 τὰ
2202 1876 2278 1919 ἴδια
2309 1878 2471 1932 ἐγκώμια
2496 1897 2606 1921 κατα-

225 1942 392 1991 σκευάζει
420 1941 533 1996 λέγων
561 1940 695 1982 ἑαυτὸν
725 1940 993 1989 διαπαντὸς
1020 1945 1153 1995 σοφῶς
1182 1941 1347 1996 φράζειν.
1391 1943 1648 1985 Desiderabat
1676 1945 1776 1984 enim
1805 1944 2077 1996 Moschopulus
2104 1946 2144 1986 in
2173 1946 2303 1987 verbis
2332 1947 2500 1997 Pindari,
2528 1961 2606 2000 quo

224 2009 432 2057 διαπαντός
458 2011 680 2061 pertineret.
737 2011 791 2050 At
819 2009 1026 2056 διαπαντός
1060 2022 1135 2050 non
1164 2014 1309 2051 certam
1348 2011 1515 2061 aliquam
1553 2023 1686 2052 vocem
1722 2012 1904 2062 exprimit
1938 2012 2004 2052 sed
2040 2012 2088 2052 ad
2123 2014 2243 2054 totius
2279 2026 2416 2055 versus
2454 2027 2604 2055 sensum

358 2202 384 2246 ¹)
409 2198 476 2235 Sed
499 2198 592 2245 quod
615 2198 827 2234 sententiam
851 2196 893 2232 de
916 2196 980 2232 illo
1002 2197 1078 2232 loco
1102 2196 1157 2242 (Ο.
1182 2196 1220 2231 11
1243 2198 1300 2241 52)
1323 2197 1461 2232 interea
1483 2197 1636 2239 mutavi,
1670 2197 1728 2232 hic
1750 2196 1905 2233 indicare
1934 2198 2050 2234 liceat.
2098 2198 2200 2235 Nunc
2225 2200 2319 2235 enim
2345 2201 2485 2235 constat
2515 2199 2605 2235 mihi

221 2267 283 2291 nec
305 2255 461 2303 ἄφρονος
483 2265 547 2289 nec
569 2253 742 2301 ἀφρόνων
765 2252 825 2288 sed
848 2251 1097 2300 ἀφροσύνας
1120 2252 1296 2299 παραλύει
1324 2251 1512 2298 legendum
1536 2262 1612 2287 esse
1635 2251 1740 2297 idque
1764 2262 1802 2288 eo
1827 2263 1949 2295 sensu,
1980 2263 2083 2299 quem
2109 2254 2264 2290 Graecus
2287 2254 2434 2290 Pindari
2456 2255 2605 2300 explica—

220 2315 276 2346 tor
297 2312 356 2345 his
377 2310 550 2355 expressit
573 2309 707 2343 verbis:
732 2309 774 2343 τὸ
798 2313 916 2351 τυχεῖν
938 2308 1164 2353 πειρώμενον
1187 2307 1344 2354 ἀγωνίας
1372 2312 1430 2341 καὶ
1458 2307 1579 2351 λύπην
1602 2307 1677 2342 λύει
1700 2313 1759 2342 καὶ
1786 2309 1858 2352 τὴν
1880 2308 2047 2353 ἀθυμίαν
2074 2309 2246 2355 ἐκβάλλει.
2292 2313 2346 2353 τῷ
2366 2309 2423 2354 [δ’]
2448 2309 2605 2357 ἀποτυγ-

217 2367 366 2410 χάνοντι
388 2365 513 2402 κοινὸν
535 2363 724 2411 ἔγκλημα
752 2362 775 2407 ἡ
800 2362 906 2399 ἄνοια
929 2367 987 2398 καὶ
1009 2362 1031 2407 ἡ
1054 2362 1297 2409 ἀφροσύνη,
1328 2363 1383 2397 vel
1405 2362 1499 2398 alius
1523 2363 1592 2398 sic:
1627 2364 1669 2398 τὸ
1693 2367 1836 2407 νικῆσαι
1860 2363 1916 2405 δὲ,
1945 2368 2047 2410 φησὶ,
2077 2365 2145 2399 τὸν
2167 2364 2435 2412 ἀγωνιζόμενον
2463 2365 2604 2409 παρά-

221 2422 349 2457 λυσιν
370 2424 466 2456 ποιεῖ
493 2422 567 2464 τῆς
594 2418 844 2467 ἀφροσύνης
866 2422 1009 2463 καὶτῆς
1030 2418 1154 2464 λύπης.
1187 2417 1373 2454 δύναται
1401 2417 1447 2454 δὲ
1475 2423 1543 2454 καὶ
1570 2423 1727 2466 κυρίως
1753 2419 1933 2455 κεῖσθαι
1956 2420 1979 2464 η
2008 2418 2252 2467 ἀφροσύνη,
2283 2419 2329 2456 ἵν’
2353 2414 2385 2469 ᾖ
2417 2419 2437 2455 ὁ
2461 2420 2606 2465 νικήσας

219 2480 401 2523 νομίζεται
430 2476 526 2511 ἐκτὸς
554 2475 804 2523 ἀφροσύνης
831 2475 936 2509 εἶναι·
965 2479 1164 2521 κρίνουσι
1193 2475 1273 2522 γὰρ
1295 2479 1365 2509 καὶ
1392 2475 1439 2511 τὸ
1463 2475 1519 2509 ευ7
1538 2475 1869 2521 βεβουλεῦσθαι
1899 2474 1969 2510 διὰ
1999 2475 2047 2511 τὸ
2077 2475 2231 2511 ἐλθεῖν
2254 2479 2327 2512 ἐπί
2346 2476 2424 2511 τὸν
2446 2473 2607 2522 ἀγῶνα.

220 2532 456 2569 Consentiunt
479 2542 566 2576 quae
589 2530 764 2566 Pindarus
785 2531 863 2576 ipse
885 2530 975 2565 dicit
1000 2530 1040 2566 O.
1059 2531 1091 2564 V
1112 2534 1162 2566 15.
1190 2533 1246 2566 16:
1272 2532 1340 2565 αἰεὶ
1364 2530 1395 2566 δ’
1420 2530 1507 2578 ἀμφ’
1533 2531 1693 2576 ἀρεταῖσι
1717 2529 1827 2567 πόνος
1851 2529 1998 2566 δαπάνα
2022 2545 2062 2566 τε
2083 2532 2265 2578 μάρναται
2289 2532 2378 2578 πρὸς
2400 2535 2505 2578 ἔργον
2527 2545 2605 2565 κιν-

218 2590 318 2636 δυ’νῳ
341 2587 611 2635 κεκαλυμμένον.
643 2582 689 2623 εὖ
719 2587 764 2623 δὲ
791 2587 994 2632 τυχόντες
1025 2587 1135 2633 (sicl)
1159 2591 1262 2634 σοφοὶ
1285 2592 1343 2622 καὶ
1366 2586 1528 2625 πολίταις
1551 2586 1676 2628 ἔδοξαν
1697 2590 1818 2633 ἔμμεν.
1865 2587 1919 2622 Cf.
1944 2587 2097 2633 interpp.
2121 2586 2166 2622 ad
2189 2587 2224 2623 h.
2250 2588 2292 2630 l.‚
2324 2587 2527 2623 Dissenii
2549 2587 2604 2621 in-

216 2645 371 2683 troduct.
396 2644 440 2681 ad
463 2644 504 2681 0.
528 2644 572 2680 V.
598 2664 639 2670 -
662 2643 702 2679 F.
728 2643 951 2681 Thicrsch.
976 2644 1092 2679 antem
1119 2642 1164 2680 ad
1191 2642 1232 2679 0.
1259 2642 1313 2678 XI
1337 2645 1380 2680 66
1402 2644 1472 2690 (ap.
1493 2643 1542 2679 M.
1560 2643 1593 2679 Χ
1610 2645 1667 2690 63)
1690 2642 1775 2680 haec
1798 2643 2002 2681 annotavit:
2026 2643 2123 2687 „Der
2145 2642 2268 2691 Sieger
2290 2644 2393 2690 tragt
2414 2641 2517 2679 nicht
2539 2641 2604 2679 wie

217 2705 295 2739 dem
318 2702 509 2746 Besiegten
531 2701 697 2746 geschah,
721 2700 787 2735 den
812 2701 929 2745 Spott,
953 2700 1034 2735 dass
1059 2711 1107 2742 er,
1132 2701 1189 2734 ein
1213 2711 1258 2734 zu
1280 2701 1463 2746 geringer‚
1489 2701 1566 2734 sich
1588 2711 1648 2734 um
1671 2701 1788 2746 Dinge
1812 2700 1898 2735 iiber
1920 2701 1995 2735 sein
2018 2701 2114 2735 Mass
2137 2701 2280 2746 hinweg
2306 2700 2486 2735 bemiihe.“
2531 2700 2605 2733 Nec

216 2761 320 2805 longe
341 2758 449 2793 aliter
470 2756 535 2791 hoc
557 2757 795 2801 fragmentum
817 2756 1044 2801 Euripideum
1064 2755 1338 2801 intelligendum
1361 2758 1432 2790 est:
1455 2757 1522 2790 τὸν
1543 2756 1759 2799 εὐτυχοῦντα
1782 2760 1839 2791 καὶ
1862 2761 2009 2802 φρονεῖν
2031 2759 2235 2801 νομίζομεν.
2272 2754 2395 2801 Itaque
2417 2754 2604 2801 α’φροσύνη

218 2815 309 2852 idem
336 2813 434 2850 valet
462 2813 567 2858 atque
596 2811 786 2860 ἔγκλημα
816 2811 1018 2859 ἀφροσύνης
1039 2811 1064 2847 i.
1092 2822 1120 2847 e.
1152 2811 1284 2849 ἀνοίας.
1330 2811 1383 2847 Cf.
1409 2811 1450 2847 Ο.
1476 2810 1546 2847 VII
1569 2814 1611 2847 93
1634 2813 1707 2857 (89)
1733 2810 1845 2858 α’ρετά
1868 2812 1906 2857 (i.
1930 2823 1964 2858 q.
1989 2812 2106 2858 gloria
2129 2823 2180 2848 εν.
2204 2812 2283 2848 laus
2307 2811 2470 2855 virtutis)
2496 2812 2537 2845 ut
2559 2810 2600 2846 Ο.

218 2871 307 2906 VIII
329 2873 362 2906 6.
409 2868 492 2904 Vid.
517 2869 611 2904 Diss.
635 2868 680 2904 ad
703 2869 892 2915 utrumqne
913 2869 1038 2904 locum.
1085 2868 1187 2903 Talia
1209 2867 1302 2914 apud
1324 2869 1448 2913 poetas
1470 2878 1614 2914 graccos
1636 2867 1730 2903 haud
1759 2868 1812 2904 ita
1832 2878 1972 2914 perraro
1996 2868 2237 2914 reperiuntur,
2268 2868 2397 2914 quippe
2420 2876 2509 2912 quae
2530 2866 2601 2901 vim

216 2928 423 2964 contineant
445 2936 526 2960 vere
548 2925 733 2969 poeticam.
772 2925 823 2959 Ex
846 2925 1015 2969 Sophocle
1036 2925 1122 2960 haec
1144 2924 1234 2958 mihi
1256 2924 1395 2960 notavi:
1421 2925 1549 2959 Electr.
1576 2927 1642 2960 968
1665 2924 1827 2970 εὐσέβεια
1852 2924 1876 2958 i.
1902 2935 1934 2968 q.
1960 2924 2037 2959 laus
2062 2924 2221 2969 pictatis,
2246 2925 2371 2959 contra
2392 2922 2518 2966 Antig.
2537 2925 2602 2958 924

217 2981 405 3028 δυσσέβεια
421 2981 445 3016 i.
464 2992 497 3025 q.
515 2980 647 3015 crimen
671 2979 886 3025 impietatis3
908 2980 965 3015 Ai.
984 2983 1025 3015 75
1047 2978 1161 3015 δειλία
1177 2996 1222 3009 =
1237 2979 1392 3027 ἔγκλημα
1416 2978 1545 3016 δειλίας
1552 2995 1563 3021 ;
1585 2980 1711 3025 Antig.
1735 2983 1801 3015 470
1825 2984 1939 3025 μωρία
1955 2996 2000 3009 =
2014 2980 2172 3027 ἔγκλημα
2195 2983 2340 3026 μωρίας.
2370 2976 2437 3012 Sed
2461 2980 2603 3022 propter

217 3038 307 3073 hanc
328 3037 443 3082 ipsam
464 3037 646 3072 notionem
668 3035 819 3081 pluralis
841 3034 1063 3083 ἅφροσυνιῖν,
1087 3046 1190 3081 quem
1213 3036 1261 3070 Μ.
1287 3035 1456 3081 reposuit,
1480 3036 1519 3070 ni
1542 3036 1618 3081 ipse
1641 3036 1763 3074 fallor.
1792 3035 1877 3070 ferri
1899 3035 2023 3081 utique
2044 3036 2181 3081 nequit.
2221 3034 2315 3079 Quin
2338 3034 2446 3068 immo
2469 3033 2603 3069 scholia

217 3096 337 3129 vetera
358 3093 574 3138 singularem
597 3092 693 3128 omni
716 3091 819 3128 modo
842 3091 988 3136 probare
1010 3091 1185 3127 videntur.
1226 3091 1384 3136 Denique
1408 3093 1533 3132 restat,
1557 3094 1599 3126 ut
1621 3102 1709 3132 eam,
1734 3102 1838 3135 quam
1861 3093 1966 3126 autea
1991 3092 2029 3135 (l.
2057 3103 2086 3126 c.
2112 3103 2145 3136 p.
2172 3093 2230 3135 34)
2256 3090 2369 3125 vitare
2392 3088 2487 3124 volui
2510 3089 2602 3124 arsis

218 3149 428 3184 solutionem
461 3148 643 3183 vitandam
673 3159 743 3183 non
772 3158 849 3183 esse
879 3147 1005 3182 dicam.
1051 3147 1133 3181 vid.
1166 3148 1214 3181 Μ.
1244 3150 1364 3182 annot.
1395 3147 1510 3181 critic.
1541 3146 1586 3181 ad
1615 3148 1656 3181 Ο.
1681 3146 1718 3180 11
1748 3149 1797 3180 15.
1827 3167 1870 3172 -
1900 3147 2028 3191 (Meam
2058 3148 2293 3193 conjecturam
2325 3143 2497 3192 ἀφρόνων
2519 3145 2543 3178 l.
2571 3155 2599 3182 c.

216 3204 390 3248 prolatam
413 3213 506 3237 nunc
528 3203 659 3237 iterum
682 3203 866 3247 proposuit
887 3202 981 3237 Alb.
1006 3201 1055 3236 de
1076 3202 1098 3236 J
1106 3202 1227 3246 ongh.
1264 3201 1367 3236 Pind.
1391 3212 1496 3236 carm.
1522 3201 1661 3247 Olymp.
1697 3201 1846 3246 Traject.
1871 3201 1915 3237 ad
1938 3202 2050 3236 Rhen.
2079 3204 2175 3238 1865.
2201 3212 2235 3245 p.
2264 3202 2353 3238 117.)
2492 3212 2494 3214 ·

352 3270 379 3315 ¹)
404 3269 546 3305 Scholia
568 3268 764 3304 recentiora
793 3268 910 3314 exigui
938 3268 993 3303 vel
1023 3268 1144 3314 potius
1173 3267 1307 3303 nullius
1330 3279 1415 3303 usus
1445 3278 1521 3303 esse
1550 3267 1646 3302 inter
1669 3266 1806 3314 Jndices
1835 3268 1978 3303 criticos
2008 3267 2194 3313 plerosque
2225 3267 2376 3301 constat.
2424 3266 2598 3301 Nimirum

215 3336 304 3371 quae
327 3335 417 3360 nova
439 3325 476 3358 in
501 3325 548 3359 iis
571 3324 805 3369 reperiuntur,
830 3324 914 3360 haec
935 3335 1004 3359 non
1029 3336 1047 3359 e
1068 3324 1227 3360 fontibus
1250 3323 1429 3359 veteribus
1453 3322 1614 3357 derivata
1637 3322 1696 3358 sed
1721 3334 1817 3358 mera
1840 3325 1925 3358 sunt
1949 3325 2146 3358 commenta
2166 3320 2432 3367 Byzantiorum.
