2864 3499
1290 112 1589 159 --6-

246 246 430 287 O.1101
466 243 601 294 ἱππείῳ
640 243 709 293 (cf.
739 244 795 283 Vl
825 248 889 284 54.
929 245 1022 283 VIII
1053 247 1090 284 8.
1119 245 1175 283 IX
1207 247 1297 283 112.
1337 245 1431 283 XIII
1464 246 1547 294 79).
1585 245 1625 284 II
1654 246 1705 285 23
1735 241 1775 283 δὲ
1803 247 1933 283 narret.
1976 247 2025 284 34
2055 243 2159 295 με’τα.
2203 247 2268 283 61.
2300 247 2350 284 62
2382 241 2481 290 ἴσαις
2507 242 2548 284 δὲ
2579 268 2630 274 -

245 312 346 358 ἴσαις
373 310 458 351 δέν.
500 315 550 351 65
581 312 709 350 κενῖαν
740 311 810 363 (of.
838 312 897 351 111
930 316 992 351 10.
1024 316 1086 351 30.
1124 312 1181 350 lx
1215 314 1277 350 12.
1310 314 1374 350 72.
1412 312 1449 350 x
1476 315 1512 352 9.
1560 312 1655 351 xm
1688 313 1795 361 110).
1839 315 1888 350 75
1919 302 2112 363 ὀροαῗσιν.
2162 311 2216 351 lv
2247 315 2270 352 9
2299 310 2444 364 γ’ἕκατι.
2492 312 2547 352 VI
2576 315 2625 353 27

243 377 542 430 ἀναντεῑνντιιίμεν.Ι
573 382 623 418 55
655 376 821 425 ξανθαῖς
848 393 888 417 τε
917 377 989 417 καί.
1039 381 1090 417 62
1119 376 1237 422 τέκος.
1287 383 1337 417 75
1367 376 1544 430 πρώτοις.
1593 380 1667 416 VH
1701 382 1748 417 16
1768 377 1929 429 Ἀλφεῷ.
1979 382 2029 417 97
2061 377 2196 431 ἔχρεον.
2255 379 2350 416 VIII
2383 384 2399 417 1
2429 378 2626 431 Ὀλυμπία.

243 450 294 487 23
324 443 405 486 ὅθι.
455 449 507 484 40
537 442 737 496 ἀνόρουσε.
777 445 832 484 IX
858 449 908 485 45
939 442 1192 483 κτισσάσθαν.
1234 448 1285 483 65
1310 442 1538 495 ὑπέρφυτον.
1586 448 1660 484 112
1691 442 1799 483 δαιτί.
1837 445 1874 483 X
1903 446 1984 493 (11)
2020 449 2068 484 13
2096 444 2218 490 πόλις.
2257 445 2313 483 XI
2338 445 2404 494 (x)
2438 449 2487 484 13
2518 445 2627 497 ἀμφί.

246 517 294 554 17
326 509 557 565 φνγόξεινον.
596 512 692 552 XIII
723 514 772 552 78
795 510 887 564 (81)
907 508 1065 562 ἀναρύῃ.
1106 512 1157 550 80
1178 512 1272 559 (83)
1292 511 1394 550 τελεῖ
1416 509 1467 550 δέ.
1512 513 1587 550 103
1610 508 1731 564 (107)
1753 508 1793 558 ἓξ
1820 508 1940 563 ἅρατ’.
1984 510 2072 552 Alia
2099 512 2217 552 dubia
2244 514 2348 560 sunt,
2376 514 2419 551 ut
2448 510 2494 551 Ο.
2513 512 2552 550 11
2574 516 2624 551 30

240 579 371 635 πέρας.
411 580 467 621 IV
489 583 539 621 27
569 577 741 625 ἁλικίαις.
780 578 854 618 VII
880 581 927 618 15
950 579 1041 627 (14)
1071 575 1303 630 εὐθόμαχον.
1343 578 1399 618 IX
1430 580 1479 619 78
1508 576 1741 626 ταξιοῖσθαι.
1781 579 1856 619 XlI
1884 576 1988 630 τύχᾳ.
2036 582 2082 620 18
2113 578 2201 620 διέκ.
2239 578 2332 619 XIII
2362 582 2413 619 43
2435 576 2624 619 πολέεσσι.

239 648 299 690 Ac
321 649 412 689 licet
440 658 562 698 pauca
589 646 639 686 ab
666 645 826 685 Editore
852 645 1040 685 immerito
1069 657 1090 686 0
1120 644 1313 686 codicibus
1342 646 1381 685 in
1409 645 1497 696 ipsa
1520 646 1679 686 Pindari
1706 646 1828 686 verba
1853 648 2011 696 recepta
2040 646 2117 687 sint
2133 645 2177 701 ¹),
2207 645 2391 697 quaedam
2422 649 2549 687 tamen
2577 645 2626 686 ab

240 716 375 754 eodem
404 715 579 765 neglecta
598 716 699 761 sunt,
730 724 832 762 quae
852 724 943 751 vere
961 712 1169 751 Pindarica
1196 723 1282 751 esse
1311 712 1500 751 videntur.
1539 714 1611 762 Ita,
1642 718 1685 752 ut
1704 714 1782 753 alia
1804 714 1986 762 omittam,
2018 712 2064 753 O.
2084 715 2124 754 ΙΙ
2146 718 2191 754 71
2217 716 2344 753 νᾶσον.
2375 716 2439 754 81.
2456 711 2627 765 Ἕκτορα

241 781 375 834 σφάλε.
408 782 464 820 IX
485 784 508 820 8
528 778 714 831 μέλεσσιν.
752 782 802 819 85
824 777 934 831 ἔργου
955 776 1024 832 (cf.
1047 779 1121 818 VII
1143 781 1228 828 90).
1264 779 1300 818 X
1321 781 1401 827 (11)
1424 783 1471 818 21
1495 778 1702 830 παλάμαις.
1745 784 1795 820 33
1817 778 1963 831 ἥμενον.
2000 781 2138 830 Neque
2157 794 2203 821 ea
2222 793 2378 831 prorsus
2396 781 2627 832 negligenda

240 852 340 897 sunt,
371 859 472 898 quae
500 847 539 886 in
568 846 764 887 codicibus
792 848 947 886 exstant
981 849 1185 896 corrupta;
1228 858 1250 885 e
1279 846 1386 886 vitiis
1413 846 1513 885 enim
1553 846 1781 896 optimorum
1822 847 2006 886 librorum
2034 859 2129 888 vera
2164 848 2338 899 indagari
2366 850 2547 898 possunt:
2588 851 2626 887 et

238 916 360 967 ipsius
388 914 560 955 Editoris
586 914 627 953 in
648 912 842 964 Olympiis
871 911 1112 964 conjecturas
1141 912 1301 964 triginta
1329 912 1428 954 duas
1456 913 1597 964 reperi.
1637 912 1712 954 Sed
1733 914 1851 955 multa
1878 913 1988 955 libris
2017 913 2176 956 ducibus
2205 914 2438 955 emendanda
2464 918 2624 955 restant.

238 982 339 1022 Hinc
365 981 524 1031 incipiat
553 980 793 1032 singulorum
820 979 967 1030 aliquot
994 979 1161 1019 locorum
1195 980 1378 1020 tractatio
1406 980 1636 1020 accuratior.

373 1049 419 1087 Ο.
441 1050 477 1086 Χ
497 1051 579 1096 (11)
602 1060 661 1087 vs.
685 1052 722 1086 9.
751 1048 789 1085 111
813 1047 921 1086 libris
939 1058 1015 1084 non
1035 1048 1277 1096 interpolatis
1304 1048 1499 1096 plerisque
1518 1048 1574 1086 ita
1602 1048 1785 1087 habetur:
1814 1046 1919 1098 ὅμως
1938 1046 1978 1086 δὲ
1997 1049 2110 1086 λῦσαι
2130 1048 2291 1093 δυνατὸς
2319 1048 2442 1095 ὀξεῖαν
2471 1047 2623 1099 ἐπιμομ·

241 1112 318 1167 φὰν
347 1112 461 1161 τόκος
487 1115 645 1154 θνατῶν
673 1114 749 1153 κτλ.
805 1112 899 1153 Inde
925 1112 1104 1164 Byzantii
1133 1113 1244 1153 metri
1279 1112 1407 1164 gratia
1435 1112 1507 1154 hoc
1542 1112 1733 1156 fecerunt:
1776 1111 1880 1166 ὅμως
1908 1110 1948 1155 δὲ
1977 1114 2009 1154 λ.
2040 1114 2074 1154 δ.
2104 1111 2159 1162 ὀξ.
2189 1112 2246 1156 ἐπ.
2277 1112 2298 1155 ὃ
2325 1112 2437 1161 τόκος
2465 1112 2623 1168 ἀνδρῶν.

238 1183 349 1220 Hanc
377 1182 578 1220 lectionem
607 1181 804 1232 vulgatam
842 1180 1075 1231 improbavit
1113 1181 1253 1218 Herm
1262 1191 1378 1220 anus
1414 1181 1470 1220 sic
1500 1181 1616 1221 scribi
1640 1181 1801 1232 Jubens:
1845 1179 1958 1227 τόκος
1986 1179 2008 1220 ὁ
2035 1183 2201 1221 θνατῶν.
2258 1182 2327 1221 Βϋ.
2357 1184 2481 1222 autem
2510 1193 2623 1234 quum

238 1250 341 1298 quod
360 1251 494 1286 Herm.
514 1251 770 1298 proposuerat
792 1248 886 1283 vitio
915 1248 1092 1284 laborare
1112 1249 1370 1298 cognovisset,
1399 1249 1561 1298 primum
1582 1250 1778 1299 vulgatam
1807 1247 1829 1285 ὁ
1848 1248 1961 1292 τόκος
1980 1247 2129 1300 ἀνδρῶν
2150 1259 2307 1286 servare
2330 1250 2457 1298 voluit,
2488 1250 2623 1288 deinde

238 1316 354 1355 aliam
379 1315 637 1365 conjecturam
665 1314 714 1352 ab
742 1315 961 1352 Hermanno
991 1315 1143 1353 interim
1172 1315 1362 1364 prolatam
1390 1313 1503 1359 τόκος
1531 1314 1679 1367 ὀνάτωρ
1709 1319 1749 1353 01
1777 1316 1861 1365 ipse
1890 1316 2123 1365 approbavit
2152 1316 2190 1353 in
2218 1316 2333 1365 Expl.
2363 1328 2402 1366 p.
2436 1320 2524 1355 199.
2572 1318 2624 1354 Et

238 1382 366 1423 adhuc
394 1383 537 1432 placuit
566 1395 612 1421 ea
640 1381 865 1431 conjectura
892 1381 1106 1431 plerisque:
1148 1395 1379 1431 quamquam
1407 1383 1534 1432 ipsum
1564 1383 1793 1422 vocabulum
1823 1381 1971 1434 ὀνάτωρ
2000 1383 2204 1421 admodum
2239 1384 2396 1422 dubium
2424 1388 2482 1422 est
2510 1388 2623 1433 atque

238 1451 438 1491 incertum.
495 1448 615 1489 Pauci
644 1448 798 1500 quidem
826 1451 988 1499 propter
1016 1461 1081 1498 ea,
1120 1461 1219 1499 quae
1249 1452 1478 1500 sequuntur,
1512 1449 1615 1489 aliud
1642 1450 1865 1499 voluerunt,
1903 1463 1949 1490 ac
1988 1449 2091 1500 Kay
2103 1461 2248 1490 serus
2287 1447 2409 1496 τόκος·
2446 1447 2622 1503 ἄθρησον

237 1518 418 1565 tentavit,
448 1516 928 1556 Rauchensteinius
957 1531 995 1568 γε
1022 1515 1146 1561 τόκος·
1177 1513 1304 1567 ἄθρει,
1334 1516 1735 1557 Schneidewinus
1768 1515 1891 1562 τόκος·
1921 1514 2022 1569 ὁρᾶτ’
2056 1512 2119 1556 ὧν.
2167 1517 2253 1556 Jam
2283 1530 2374 1556 vero
2403 1519 2493 1556 Par.
2523 1518 2556 1557 G
2584 1533 2622 1571 γε

237 1584 349 1630 τόκος
375 1586 530 1623 θνατῶν
559 1586 736 1633 praestat
765 1585 804 1622 et
832 1583 870 1621 in
898 1583 972 1622 1180
1000 1584 1161 1623 lectione
1190 1595 1272 1623 cum
1302 1584 1377 1623 alio
1403 1584 1501 1624 libro
1540 1584 1710 1634 perbono
1739 1584 1916 1623 Palatino
1943 1583 1973 1623 C
2001 1583 2202 1624 consentit.
2260 1584 2359 1624 Hinc
2387 1585 2438 1623 Μ.
2468 1584 2506 1624 111
2536 1584 2622 1624 Sch.

239 1652 364 1690 Germ.
394 1662 434 1700 p.
465 1650 519 1688 VI
550 1663 588 1702 γε
616 1648 730 1695 τόκος
759 1648 907 1702 ἀνδρῶν
937 1650 1179 1689 scribendum
1209 1662 1294 1690 esse
1323 1651 1502 1701 opinatus
1531 1654 1615 1689 erat
1627 1649 1684 1704 ²):
1714 1662 1816 1690 nunc
1844 1650 1943 1689 idem
1973 1650 2144 1701 genitivo
2171 1652 2327 1689 θνατῶν
2356 1650 2422 1700 qui
2450 1650 2488 1690 in
2516 1651 2624 1691 libris

238 1723 296 1757 est
322 1729 485 1768 prorsus
513 1721 644 1766 spreto
675 1729 722 1754 ex
752 1720 934 1767 corrupto
973 1718 1135 1767 quodam
1166 1718 1299 1756 scholii
1332 1718 1508 1756 Ambros.
1541 1718 1659 1756 verbo
1697 1716 1810 1762 τόκος
1844 1716 2018 1755 ὀπαδέων
2055 1717 2172 1755 dedit.
2229 1718 2312 1756 Hoc
2339 1717 2494 1765 falsum,
2533 1718 2624 1756 illud

236 1797 369 1823 verum
400 1796 485 1823 esse
512 1784 700 1823 existimo.
757 1784 898 1822 Exstat
923 1784 1022 1821 enim
1053 1784 1147 1822 haec
1178 1784 1407 1822 scholiastae
1437 1785 1581 1822 veteris
1608 1788 1790 1822 accurata
1819 1784 1891 1822 loci
1921 1784 2144 1833 explicatio:
2176 1775 2427 1834 ἡρεθισμένην
2455 1782 2521 1834 τὴν
2550 1787 2623 1821 τῶν

236 1854 388 1902 θνητῶν
418 1848 468 1889 ἔτι
498 1848 654 1900 μομφὴν
683 1848 846 1894 δυνατὸς
875 1848 896 1888 ὁ
926 1848 1039 1894 τόκος
1066 1847 1144 1889 ἐστὶ
1174 1851 1297 1889 λῦσαι.
1334 1849 1459 1897 ὀξεῖαν
1496 1849 1566 1902 γὰρ
1595 1847 1661 1901 τὴν
1690 1848 1942 1901 ἠρεθισμένην
1972 1846 1993 1899 ἣ
2022 1846 2090 1900 τὴν
2126 1847 2354 1900 εὐεπίφυρον
2385 1851 2428 1899 (i.
2459 1862 2492 1887 e.
2524 1862 2622 1899 quae

236 1918 348 1958 facile
375 1917 413 1956 in
442 1917 559 1957 alium
588 1916 763 1964 infertur,
792 1915 1021 1965 invehitur).
1059 1914 1080 1955 ὁ
1109 1914 1147 1955 δὲ
1177 1914 1338 1967 ὀφείλων
1366 1914 1538 1962 ἀποδοὺς
1566 1914 1661 1967 μετὰ
1688 1914 1809 1955 τόκων
1838 1912 2035 1966 ἄμεμπτος
2063 1914 2200 1967 γίνεται
2213 1916 2258 1966 ³).
2300 1916 2532 1966 φιλοκερδεῖς
2551 1913 2620 1968 γὰρ

236 1983 276 2023 οἱ
301 1982 515 2035 ἄνθρωποι.
574 1983 625 2022 Ε1
654 1983 921 2032 explicationis
950 1983 1049 2022 ratio
1078 1983 1241 2032 simplex
1271 1995 1316 2022 ac
1345 1983 1511 2023 dilucida
1534 1986 1605 2022 est.
1646 1983 1815 2022 Primum
1845 1982 1944 2021 enim
1973 1981 2131 2021 Pindari
2162 1982 2281 2021 verba
2309 1981 2441 2020 ordine
2470 1981 2621 2031 quidem

234 2052 283 2089 ad
313 2050 526 2090 sententiae
553 2049 867 2100 perspicuitatem
895 2050 1180 2089 accommodato
1209 2050 1295 2099 ipsa
1323 2050 1379 2089 ita
1407 2052 1611 2099 ponuntur,
1641 2052 1684 2089 ut
1713 2060 1784 2099 pro
1804 2049 1885 2088 solo
1915 2048 2106 2098 adjectivo
2135 2046 2261 2095 ὀξεῖαν
2291 2048 2393 2087 aliud
2413 2048 2620 2088 scribatur:

233 2117 304 2156 1100
331 2117 470 2155 deinde
500 2116 707 2154 indicatur:
737 2116 902 2166 denique
931 2117 1054 2155 omnis
1084 2128 1218 2155 00110110
1248 2117 1463 2155 illustratur
1492 2130 1538 2156 ac
1566 2116 1835 2166 comprobatur
1848 2115 1897 2168 ⁴).
1940 2116 2039 2154 Hinc
2066 2119 2230 2165 apparet
2258 2117 2426 2161 θνατῶν,
2455 2115 2556 2163 quod
2584 2116 2621 2153 in

235 2184 410 2223 omnibus
437 2183 546 2223 libris
576 2184 740 2222 vetustis
770 2186 908 2231 exstat,
938 2195 1030 2221 vere
1059 2196 1144 2222 esse
1174 2184 1383 2233 antiquum.
1441 2184 1524 2222 Nec
1553 2187 1680 2222 tamen
1708 2183 1784 2221 ullo
1816 2183 1927 2221 modo
1957 2183 2049 2221 ferri
2079 2186 2229 2232 potest,
2258 2182 2435 2231 quoniam
2463 2185 2621 2220 metrum

235 2251 452 2302 impeditur.
483 2250 557 2290 Hic
576 2249 694 2300 igitur
713 2249 820 2290 locus
835 2249 918 2299 jam
937 2250 976 2289 in
997 2253 1168 2289 veterum
1189 2250 1297 2290 libris
1319 2253 1523 2300 corruptus
1543 2250 1737 2289 exstabat:
1759 2253 1852 2296 erat,
1872 2250 1911 2288 id
1932 2249 2034 2298 quod
2055 2250 2209 2299 saepius
2230 2249 2373 2288 factum
2393 2248 2567 2287 videmus
2575 2247 2620 2300 ⁵),

235 2315 377 2370 θνητοί
399 2317 610 2368 repositum
636 2329 707 2367 pro
734 2312 868 2368 ἄνδρες
884 2317 932 2365 ⁶).
982 2315 1199 2357 Genitivum
1230 2329 1322 2356 vero
1352 2317 1435 2357 loco
1463 2315 1692 2356 movendum
1721 2328 1796 2355 non
1821 2328 1929 2364 esse,
1968 2315 2040 2356 hoc
2069 2328 2117 2355 ex
2146 2316 2193 2356 iis
2223 2315 2375 2356 scholiis
2405 2314 2499 2354 satis
2527 2314 2621 2354 disci

235 2385 369 2436 potuit,
397 2395 497 2434 quae
525 2384 574 2424 ad
604 2383 725 2423 verba
753 2383 955 2434 sequentia
983 2382 1249 2425 constituenda
1277 2383 1326 2423 ab
1355 2383 1565 2423 editoribus
1589 2382 1671 2433 jam
1698 2381 1841 2423 dudum
1871 2382 2044 2423 adhibita
2073 2385 2175 2423 sunt.
2219 2382 2302 2421 Nec
2329 2381 2454 2421 minus
2481 2393 2502 2420 e
2530 2381 2619 2420 lem-

235 2454 336 2490 mate
365 2450 483 2490 schol.
514 2450 553 2488 id
584 2450 666 2500 Jam
694 2450 875 2500 cognosci
913 2450 1060 2499 potuit,
1100 2450 1138 2488 in
1168 2450 1268 2490 1111110
1297 2461 1449 2490 versum
1481 2450 1655 2491 voculam
1695 2463 1733 2501 γε
1761 2449 2035 2489 restituendam
2065 2461 2170 2489 esse:
2211 2447 2304 2498 quid
2333 2447 2436 2498 quod
2469 2447 2508 2486 in
2536 2447 2620 2497 ipso

237 2518 424 2565 Ambros„
453 2518 542 2556 licet
569 2528 594 2555 a
620 2528 690 2555 suo
720 2517 802 2556 loco
831 2517 1091 2565 aberraverit,
1122 2520 1249 2555 tamen
1279 2520 1405 2556 exstat
1434 2516 1530 2556 haec
1559 2517 1760 2567 particula.
1818 2517 1904 2555 Jam
1933 2516 1965 2556 si
1995 2516 2204 2556 scholiasta
2231 2516 2326 2555 duce
2355 2514 2522 2553 Pindaro
2551 2526 2619 2554 sua

234 2584 348 2622 etiam
376 2595 452 2622 vox
480 2581 618 2635 μομφά
646 2583 864 2622 restituitur
896 2604 946 2610 —
974 2581 1173 2635 ἐπιμομφά
1203 2593 1388 2633 nusquam
1417 2586 1545 2623 exstat
1575 2603 1651 2632 -,
1680 2583 1736 2623 sic
1763 2583 1870 2622 100110
1898 2585 2001 2622 recte
2030 2582 2254 2622 emendatus
2283 2581 2454 2620 videtur:
2496 2578 2620 2627 ὀξεῖαν

374 2773 399 2815 ¹)
425 2771 581 2806 Nimium
603 2770 699 2806 haud
721 2769 826 2805 dubie
848 2770 896 2804 M.
915 2769 1071 2804 codicum
1087 2768 1433 2813 interpunctionibus
1453 2767 1636 2802 verborum
1662 2767 1801 2802 tribuit.
1841 2767 1894 2801 Cf.
1920 2768 2101 2812 Sauppii
2125 2768 2229 2811 epist.
2248 2767 2360 2801 critic.
2379 2766 2422 2800 ad
2440 2767 2482 2802 G.
2500 2767 2618 2801 Herm.

235 2841 268 2872 p.
291 2830 333 2862 67
357 2837 433 2872 sqq.
458 2847 501 2851 —-
525 2826 564 2860 F.
590 2826 732 2860 Blass:
762 2825 900 2860 Ztschr.
925 2825 949 2860 f.
975 2824 1008 2860 d.
1032 2824 1273 2870 Gymn.-Wes.
1303 2825 1397 2858 1866.
1425 2825 1455 2857 2.
1483 2834 1516 2867 p.
1547 2824 1620 2857 146.

370 2883 398 2925 ')
422 2880 520 2916 Idem
550 2881 589 2916 C.
620 2880 897 2916 Friederichs
926 2878 1183 2915 commendavit
1212 2879 1248 2914 in
1273 2878 1403 2914 Philol.
1429 2878 1493 2912 XV
1518 2890 1551 2922 p.
1579 2880 1639 2917 34,
1671 2877 1709 2912 L.
1740 2877 1938 2913 Schmidt
1969 2878 2005 2912 in
2037 2878 2127 2913 libro
2153 2889 2215 2912 suo
2245 2877 2287 2913 de
2317 2878 2393 2912 vita
2416 2876 2561 2912 Pindari
2585 2881 2620 2913 et

236 2938 331 2982 poesi
354 2936 487 2980 scripto
511 2946 544 2980 p.
570 2939 623 2970 97.
1542 2944 1544 2946 ·

371 2993 400 3038 ⁸)
422 2992 518 3026 Haec
540 2992 577 3025 in
600 2991 761 3025 Ambros.
786 2992 814 3026 Α
839 2993 875 3025 01
897 2991 1086 3025 Vratislav.
1111 2990 1153 3024 A.
1179 2989 1460 3034 corruptissime:
1486 2988 1504 3023 ὁ
1523 2987 1560 3022 δὲ
1584 2987 1734 3034 ὀφείλων
1760 2988 1908 3025 ἐπήδων
1929 2990 2046 3025 τόκων
2063 2990 2244 3036 ἄμεμπτος
2267 3005 2332 3037 79„
2358 2987 2448 3024 unde
2464 2990 2511 3025 Μ.
2529 2989 2619 3026 ὀπα-

236 3048 328 3084 δέιον
352 3046 477 3083 edidIt.

370 3104 399 3147 ⁴)
423 3103 556 3137 Hausit
579 3103 693 3147 igitur
715 3103 763 3137 M.
790 3113 891 3137 01111111
916 3101 1085 3137 ὀπαὸέων
1107 3113 1146 3136 ex
1170 3111 1210 3135 ea
1233 3101 1359 3135 scholii
1382 3103 1494 3146 parte,
1520 3111 1607 3145 quae
1630 3111 1747 3135 vocem
1772 3101 1876 3144 plane
1900 3100 2122 3137 Pindaricum
2146 3102 2280 3137 nullam
2305 3100 2454 3135 exhibet.

373 3158 400 3203 ⁵)
424 3157 477 3192 Cf.
502 3158 664 3193 Porson
687 3156 731 3193 ad
755 3157 875 3202 Eurip.
901 3157 1033 3193 Hecub.
1059 3159 1135 3193 858.

371 3214 399 3258 ⁶)
423 3213 531 3248 Recte
547 3213 587 3248 L.
606 3213 767 3248 Schmidt
785 3213 810 3248 l.
829 3224 877 3249 c.:
904 3212 1059 3255 „Pindar
1081 3212 1287 3248 bezeichnet
1308 3213 1361 3247 als
1385 3212 1452 3247 den
1470 3212 1605 3254 Grund,
1630 3212 1785 3247 weshalb
1802 3222 1839 3247 er
1862 3212 1919 3247 die
1936 3212 2066 3249 Schuld
2089 3213 2192 3248 nicht
2214 3212 2311 3247 bloss
2335 3210 2515 3258 abtragen,
2542 3223 2620 3248 son-

235 3269 320 3305 dern
341 3270 411 3304 mit
426 3270 555 3304 Zinsen
579 3269 749 3314 abtragen
773 3269 860 3310 will,
883 3268 939 3305 die
960 3268 1156 3303 Riicksicht
1177 3268 1241 3303 auf
1259 3267 1325 3302 den
1351 3268 1458 3303 Tadel
1482 3267 1557 3302 der
1578 3267 1825 3309 Μο110011011,
1850 3267 1883 3303 d.
1902 3268 1937 3304 h.
1963 3269 2040 3304 hier
2062 3270 2237 3305 zunachst
2260 3267 2333 3302 der
2355 3267 2620 3304 Landsleute

234 3324 295 3360 des
321 3324 550 3371 Agesidam
563 3336 583 3361 o
595 3329 649 3360 s.“
